<?xml version="1.0" encoding="UTF-8"?>
<!DOCTYPE html PUBLIC "-//W3C//DTD XHTML 1.0 Transitional//EN"
    "http://www.w3.org/TR/xhtml1/DTD/xhtml1-transitional.dtd">
<html xmlns="http://www.w3.org/1999/xhtml" xml:lang="en" lang="en">
 <head>
  <title>
</title>
<meta http-equiv="Content-Type" content="text/html;charset=utf-8" />
  <meta name='ocr-system' content='tesseract 3.04.00' />
  <meta name='ocr-capabilities' content='ocr_page ocr_carea ocr_par ocr_line ocrx_word'/>
</head>
<body>
  <div class='ocr_page' id='page_1' title='image "./analectaaristar00schigoog_0025.png"; bbox 0 0 3068 5202; ppageno 0'>
   <div class='ocr_carea' id='block_1_1' title="bbox 703 449 911 508">
    <p class='ocr_par' dir='ltr' id='par_1_1' title="bbox 703 449 911 508">
     <span class='ocr_line' id='line_1_1' title="bbox 703 449 911 508; baseline 0.005 -15"><span class='ocrx_word' id='word_1_1' title='bbox 703 449 911 508; x_wconf 70' lang='grc'><strong>...16-</strong></span> 
     </span>
    </p>
   </div>
   <div class='ocr_carea' id='block_1_2' title="bbox 243 536 1375 836">
    <p class='ocr_par' dir='ltr' id='par_1_2' title="bbox 243 536 1375 836">
     <span class='ocr_line' id='line_1_2' title="bbox 1285 536 1298 565; baseline 0 0"><span class='ocrx_word' id='word_1_2' title='bbox 1285 536 1298 565; x_wconf 74' lang='lat'>0</span> 
     </span>
     <span class='ocr_line' id='line_1_3' title="bbox 243 622 1375 719; baseline -0.001 -28"><span class='ocrx_word' id='word_1_3' title='bbox 243 622 341 716; x_wconf 69' lang='grc' dir='ltr'><strong><em>κρήνη.</em></strong></span> <span class='ocrx_word' id='word_1_4' title='bbox 372 623 521 716; x_wconf 71' lang='grc' dir='ltr'><strong><em>πρόδηλον</em></strong></span> <span class='ocrx_word' id='word_1_5' title='bbox 547 623 631 694; x_wconf 75' lang='grc' dir='ltr'><strong><em>δοκεῖ</em></strong></span> <span class='ocrx_word' id='word_1_6' title='bbox 657 628 700 694; x_wconf 82' lang='grc' dir='ltr'><strong>ὑπ’</strong></span> <span class='ocrx_word' id='word_1_7' title='bbox 731 633 868 718; x_wconf 82' lang='grc' dir='ltr'><strong><em>Ἀλφειοῦ</em></strong></span> <span class='ocrx_word' id='word_1_8' title='bbox 896 637 1093 719; x_wconf 71' lang='grc' dir='ltr'><strong><em>πληροῦσθαι.</em></strong></span> <span class='ocrx_word' id='word_1_9' title='bbox 1127 635 1191 693; x_wconf 81' lang='grc' dir='ltr'><strong><em>ἔστι</em></strong></span> <span class='ocrx_word' id='word_1_10' title='bbox 1215 623 1251 692; x_wconf 70' lang='grc' dir='ltr'><strong>δὲ</strong></span> <span class='ocrx_word' id='word_1_11' title='bbox 1271 633 1322 692; x_wconf 84' lang='grc' dir='ltr'><strong><em>καὶ</em></strong></span> <span class='ocrx_word' id='word_1_12' title='bbox 1344 633 1375 692; x_wconf 84' lang='grc' dir='ltr'><strong>ἐν</strong></span> 
     </span>
     <span class='ocr_line' id='line_1_4' title="bbox 243 743 996 836; baseline 0.004 -26"><span class='ocrx_word' id='word_1_13' title='bbox 243 747 357 830; x_wconf 75' lang='grc' dir='ltr'><strong><em>Εὐβοία</em></strong></span> <span class='ocrx_word' id='word_1_14' title='bbox 379 752 429 811; x_wconf 82' lang='grc' dir='ltr'><strong><em>καὶ</em></strong></span> <span class='ocrx_word' id='word_1_15' title='bbox 449 744 527 820; x_wconf 73' lang='grc' dir='ltr'><strong>ἄλλη</strong></span> <span class='ocrx_word' id='word_1_16' title='bbox 551 753 581 811; x_wconf 81' lang='grc' dir='ltr'><strong>ἐν</strong></span> <span class='ocrx_word' id='word_1_17' title='bbox 600 743 696 836; x_wconf 77' lang='grc' dir='ltr'><strong><em>Σάμῳ</em></strong></span> <span class='ocrx_word' id='word_1_18' title='bbox 703 755 724 832; x_wconf 80' lang='lat'><strong>¹)</strong></span> <span class='ocrx_word' id='word_1_19' title='bbox 741 753 802 835; x_wconf 87' lang='grc' dir='ltr'><strong><em>[καὶ</em></strong></span> <span class='ocrx_word' id='word_1_20' title='bbox 825 753 854 812; x_wconf 83' lang='grc' dir='ltr'><strong>ἐν</strong></span> <span class='ocrx_word' id='word_1_21' title='bbox 872 743 996 834; x_wconf 73' lang='grc' dir='ltr'><strong><em>Ἰθάκῃ]</em></strong></span> 
     </span>
    </p>
   </div>
   <div class='ocr_carea' id='block_1_3' title="bbox 429 861 1185 956">
    <p class='ocr_par' dir='ltr' id='par_1_3' title="bbox 429 861 1185 956">
     <span class='ocr_line' id='line_1_5' title="bbox 429 861 1185 956; baseline -0.001 -25"><span class='ocrx_word' id='word_1_22' title='bbox 429 864 487 955; x_wconf 76' lang='grc' dir='ltr'><strong>πὰρ</strong></span> <span class='ocrx_word' id='word_1_23' title='bbox 509 861 633 955; x_wconf 80' lang='grc' dir='ltr'>κόρακος</span> <span class='ocrx_word' id='word_1_24' title='bbox 654 870 745 956; x_wconf 73' lang='grc' dir='ltr'><strong><em>πέτρα,</em></strong></span> <span class='ocrx_word' id='word_1_25' title='bbox 769 873 819 932; x_wconf 88' lang='grc' dir='ltr'><strong><em>καὶ</em></strong></span> <span class='ocrx_word' id='word_1_26' title='bbox 840 872 887 932; x_wconf 83' lang='grc' dir='ltr'><strong>ἐπὶ</strong></span> <span class='ocrx_word' id='word_1_27' title='bbox 908 862 996 956; x_wconf 60' lang='grc' dir='ltr'><strong><em>κρήνῃ</em></strong></span> <span class='ocrx_word' id='word_1_28' title='bbox 1012 862 1185 955; x_wconf 70' lang='grc' dir='ltr'><strong><em>Ἀρεθούσῃ.</em></strong></span> 
     </span>
    </p>
   </div>
   <div class='ocr_carea' id='block_1_4' title="bbox 243 981 1373 1074">
    <p class='ocr_par' dir='ltr' id='par_1_4' title="bbox 243 981 1373 1074">
     <span class='ocr_line' id='line_1_6' title="bbox 243 981 1373 1074; baseline 0.004 -26"><span class='ocrx_word' id='word_1_29' title='bbox 243 988 405 1074; x_wconf 81' lang='grc' dir='ltr'><strong>χαριέντως</strong></span> <span class='ocrx_word' id='word_1_30' title='bbox 439 993 494 1049; x_wconf 78' lang='grc' dir='ltr'><strong><em>τοῦ</em></strong></span> <span class='ocrx_word' id='word_1_31' title='bbox 523 981 748 1073; x_wconf 66' lang='grc' dir='ltr'>Ἐπαφροδίτου</span> <span class='ocrx_word' id='word_1_32' title='bbox 783 987 925 1074; x_wconf 75' lang='grc' dir='ltr'><strong><em>λέγοντος</em></strong></span> <span class='ocrx_word' id='word_1_33' title='bbox 958 989 988 1049; x_wconf 83' lang='grc' dir='ltr'><strong>ἐν</strong></span> <span class='ocrx_word' id='word_1_34' title='bbox 1023 993 1068 1068; x_wconf 81' lang='grc' dir='ltr'><strong>τῷ</strong></span> <span class='ocrx_word' id='word_1_35' title='bbox 1092 991 1155 1074; x_wconf 84' lang='grc' dir='ltr'><strong>περὶ</strong></span> <span class='ocrx_word' id='word_1_36' title='bbox 1188 991 1373 1074; x_wconf 63' lang='grc' dir='ltr'><strong><em>στοιχείωνῖ)</em></strong></span> 
     </span>
    </p>
   </div>
   <div class='ocr_carea' id='block_1_5' title="bbox 324 1224 1318 1293">
    <p class='ocr_par' dir='ltr' id='par_1_5' title="bbox 324 1224 1318 1293">
     <span class='ocr_line' id='line_1_7' title="bbox 324 1224 1318 1293; baseline -0.001 -14"><span class='ocrx_word' id='word_1_37' title='bbox 324 1225 476 1293; x_wconf 81' lang='lat' dir='ltr'>Stephanus</span> <span class='ocrx_word' id='word_1_38' title='bbox 687 1225 774 1278; x_wconf 81' lang='lat' dir='ltr'><strong>Schol.</strong></span> <span class='ocrx_word' id='word_1_39' title='bbox 795 1226 888 1293; x_wconf 89' lang='lat' dir='ltr'><strong>Odyss.</strong></span> <span class='ocrx_word' id='word_1_40' title='bbox 1075 1224 1163 1278; x_wconf 84' lang='lat' dir='ltr'><strong>Schol.</strong></span> <span class='ocrx_word' id='word_1_41' title='bbox 1183 1225 1318 1278; x_wconf 83' lang='lat' dir='ltr'><strong>Theocrit.</strong></span> 
     </span>
    </p>
   </div>
   <div class='ocr_carea' id='block_1_6' title="bbox 282 1312 1227 1446">
    <p class='ocr_par' dir='ltr' id='par_1_6' title="bbox 282 1312 1227 1446">
     <span class='ocr_line' id='line_1_8' title="bbox 745 1312 1227 1366; baseline 0.008 -4"><span class='ocrx_word' id='word_1_42' title='bbox 745 1333 758 1362; x_wconf 86' lang='grc' dir='ltr'><strong><em>ν</em></strong></span> <span class='ocrx_word' id='word_1_43' title='bbox 778 1313 829 1366; x_wconf 80' lang='lat'><strong>408</strong></span> <span class='ocrx_word' id='word_1_44' title='bbox 1143 1312 1159 1364; x_wconf 87' lang='lat' dir='ltr'>l</span> <span class='ocrx_word' id='word_1_45' title='bbox 1179 1313 1227 1366; x_wconf 81' lang='grc'><strong>117</strong></span> 
     </span>
     <span class='ocr_line' id='line_1_9' title="bbox 282 1381 438 1446; baseline 0.013 -14"><span class='ocrx_word' id='word_1_46' title='bbox 282 1381 305 1433; x_wconf 88' lang='lat' dir='ltr'><strong>l.</strong></span> <span class='ocrx_word' id='word_1_47' title='bbox 341 1385 438 1446; x_wconf 78' lang='grc' dir='ltr'><strong><em>Συρίας</em></strong></span> 
     </span>
    </p>
   </div>
   <div class='ocr_carea' id='block_1_7' title="bbox 247 1465 1381 3691">
    <p class='ocr_par' dir='ltr' id='par_1_7' title="bbox 279 1465 719 1542">
     <span class='ocr_line' id='line_1_10' title="bbox 279 1465 719 1542; baseline -0.002 -22"><span class='ocrx_word' id='word_1_48' title='bbox 279 1469 303 1520; x_wconf 86' lang='grc'><strong>2.</strong></span> <span class='ocrx_word' id='word_1_49' title='bbox 340 1465 448 1534; x_wconf 67' lang='grc' dir='ltr'><strong><em>Θρᾴκης</em></strong></span> <span class='ocrx_word' id='word_1_50' title='bbox 715 1533 719 1542; x_wconf 83' lang='lat'>.</span> 
     </span>
    </p>

    <p class='ocr_par' dir='ltr' id='par_1_8' title="bbox 279 1549 1270 1620">
     <span class='ocr_line' id='line_1_11' title="bbox 279 1549 1270 1620; baseline -0.001 -14"><span class='ocrx_word' id='word_1_51' title='bbox 279 1555 304 1607; x_wconf 85' lang='lat'><strong>3.</strong></span> <span class='ocrx_word' id='word_1_52' title='bbox 340 1551 455 1620; x_wconf 74' lang='grc' dir='ltr'><strong><em>Εὖβοίας</em></strong></span> <span class='ocrx_word' id='word_1_53' title='bbox 699 1553 728 1606; x_wconf 75' lang='grc' dir='ltr'><strong>ἐν</strong></span> <span class='ocrx_word' id='word_1_54' title='bbox 747 1549 863 1606; x_wconf 77' lang='grc' dir='ltr'><strong><em>Χαλκίδι</em></strong></span> <span class='ocrx_word' id='word_1_55' title='bbox 1125 1552 1153 1605; x_wconf 72' lang='grc' dir='ltr'><strong>ἐν</strong></span> <span class='ocrx_word' id='word_1_56' title='bbox 1170 1551 1270 1620; x_wconf 72' lang='grc' dir='ltr'><strong><em>Εὐβοίᾳ</em></strong></span> 
     </span>
    </p>

    <p class='ocr_par' dir='ltr' id='par_1_9' title="bbox 279 1637 1343 1706">
     <span class='ocr_line' id='line_1_12' title="bbox 279 1637 1343 1706; baseline -0.003 -13"><span class='ocrx_word' id='word_1_57' title='bbox 279 1642 304 1693; x_wconf 83' lang='grc'><strong>4.</strong></span> <span class='ocrx_word' id='word_1_58' title='bbox 341 1641 464 1693; x_wconf 74' lang='grc' dir='ltr'><strong><em>Σικελίας</em></strong></span> <span class='ocrx_word' id='word_1_59' title='bbox 700 1639 727 1692; x_wconf 74' lang='grc' dir='ltr'><strong>ἓν</strong></span> <span class='ocrx_word' id='word_1_60' title='bbox 744 1638 927 1706; x_wconf 70' lang='grc' dir='ltr'>Συρακούσαις</span> <span class='ocrx_word' id='word_1_61' title='bbox 1120 1637 1246 1706; x_wconf 78' lang='grc' dir='ltr'><strong><em>Σικελική</em></strong></span> <span class='ocrx_word' id='word_1_62' title='bbox 1339 1661 1343 1672; x_wconf 85' lang='lat'><strong>·</strong></span> 
     </span>
    </p>

    <p class='ocr_par' dir='ltr' id='par_1_10' title="bbox 280 1723 1264 1798">
     <span class='ocr_line' id='line_1_13' title="bbox 280 1723 1264 1798; baseline 0 -20"><span class='ocrx_word' id='word_1_63' title='bbox 280 1730 304 1778; x_wconf 90' lang='lat'><strong>5.</strong></span> <span class='ocrx_word' id='word_1_64' title='bbox 340 1723 452 1794; x_wconf 72' lang='grc' dir='ltr'><strong><em>Ἰθάκης</em></strong></span> <span class='ocrx_word' id='word_1_65' title='bbox 696 1725 723 1777; x_wconf 72' lang='grc' dir='ltr'><strong>ἐν</strong></span> <span class='ocrx_word' id='word_1_66' title='bbox 740 1723 840 1798; x_wconf 72' lang='grc' dir='ltr'><strong><em>Ἰθάκῃ</em></strong></span> <span class='ocrx_word' id='word_1_67' title='bbox 1120 1725 1148 1778; x_wconf 71' lang='grc' dir='ltr'><strong>ἐν</strong></span> <span class='ocrx_word' id='word_1_68' title='bbox 1165 1724 1264 1798; x_wconf 70' lang='grc' dir='ltr'><strong><em>Ἰθάκῃ</em></strong></span> 
     </span>
    </p>

    <p class='ocr_par' dir='ltr' id='par_1_11' title="bbox 282 1811 850 1884">
     <span class='ocr_line' id='line_1_14' title="bbox 282 1811 850 1884; baseline -0.002 -20"><span class='ocrx_word' id='word_1_69' title='bbox 282 1814 305 1864; x_wconf 88' lang='grc'><strong>6.</strong></span> <span class='ocrx_word' id='word_1_70' title='bbox 695 1811 723 1864; x_wconf 72' lang='grc' dir='ltr'><strong>ἓν</strong></span> <span class='ocrx_word' id='word_1_71' title='bbox 740 1813 850 1884; x_wconf 68' lang='grc' dir='ltr'><strong><em>Σμύρνῃ</em></strong></span> 
     </span>
    </p>

    <p class='ocr_par' dir='ltr' id='par_1_12' title="bbox 281 1894 806 1968">
     <span class='ocr_line' id='line_1_15' title="bbox 281 1894 806 1968; baseline 0.008 -18"><span class='ocrx_word' id='word_1_72' title='bbox 281 1897 304 1950; x_wconf 82' lang='grc'><strong>7.</strong></span> <span class='ocrx_word' id='word_1_73' title='bbox 690 1894 806 1968; x_wconf 67' lang='grc' dir='ltr'><strong><em>’Ἄργους</em></strong></span> 
     </span>
    </p>

    <p class='ocr_par' dir='ltr' id='par_1_13' title="bbox 247 1985 1377 2656">
     <span class='ocr_line' id='line_1_16' title="bbox 281 1985 1257 2053; baseline 0.001 -16"><span class='ocrx_word' id='word_1_74' title='bbox 281 1985 306 2037; x_wconf 88' lang='grc'><strong>8.</strong></span> <span class='ocrx_word' id='word_1_75' title='bbox 1120 1985 1148 2038; x_wconf 72' lang='grc' dir='ltr'><strong>ἓν</strong></span> <span class='ocrx_word' id='word_1_76' title='bbox 1166 1985 1257 2053; x_wconf 71' lang='grc' dir='ltr'><strong>Σάμῳ.</strong></span> 
     </span>
     <span class='ocr_line' id='line_1_17' title="bbox 248 2071 1374 2141; baseline 0 -16"><span class='ocrx_word' id='word_1_77' title='bbox 248 2071 341 2125; x_wconf 91' lang='lat' dir='ltr'><strong>Omnis</strong></span> <span class='ocrx_word' id='word_1_78' title='bbox 364 2071 450 2138; x_wconf 82' lang='lat' dir='ltr'><strong>igitur</strong></span> <span class='ocrx_word' id='word_1_79' title='bbox 467 2072 611 2127; x_wconf 84' lang='lat' dir='ltr'><strong>difficultas</strong></span> <span class='ocrx_word' id='word_1_80' title='bbox 629 2074 669 2126; x_wconf 88' lang='lat' dir='ltr'><strong>ita</strong></span> <span class='ocrx_word' id='word_1_81' title='bbox 686 2075 752 2127; x_wconf 92' lang='lat' dir='ltr'><strong>solvi</strong></span> <span class='ocrx_word' id='word_1_82' title='bbox 770 2090 846 2141; x_wconf 87' lang='lat' dir='ltr'><strong>posse</strong></span> <span class='ocrx_word' id='word_1_83' title='bbox 864 2073 931 2125; x_wconf 93' lang='lat' dir='ltr'><strong>mihi</strong></span> <span class='ocrx_word' id='word_1_84' title='bbox 949 2073 1061 2126; x_wconf 84' lang='lat' dir='ltr'><strong>videtur.</strong></span> <span class='ocrx_word' id='word_1_85' title='bbox 1098 2073 1294 2128; x_wconf 83' lang='lat' dir='ltr'><strong>Grammaticus</strong></span> <span class='ocrx_word' id='word_1_86' title='bbox 1316 2073 1374 2141; x_wconf 89' lang='lat' dir='ltr'><strong>qui·</strong></span> 
     </span>
     <span class='ocr_line' id='line_1_18' title="bbox 249 2157 1375 2228; baseline 0.004 -20"><span class='ocrx_word' id='word_1_87' title='bbox 249 2157 317 2220; x_wconf 85' lang='lat' dir='ltr'><strong>dam,</strong></span> <span class='ocrx_word' id='word_1_88' title='bbox 342 2157 518 2225; x_wconf 90' lang='lat' dir='ltr'><strong>Apollodorus</strong></span> <span class='ocrx_word' id='word_1_89' title='bbox 542 2161 641 2228; x_wconf 87' lang='lat' dir='ltr'>opinor,</span> <span class='ocrx_word' id='word_1_90' title='bbox 665 2162 792 2228; x_wconf 86' lang='lat' dir='ltr'><strong>quattuor</strong></span> <span class='ocrx_word' id='word_1_91' title='bbox 812 2160 962 2228; x_wconf 79' lang='lat' dir='ltr'><strong>composuit</strong></span> <span class='ocrx_word' id='word_1_92' title='bbox 985 2160 1073 2212; x_wconf 84' lang='lat' dir='ltr'><strong>fontes</strong></span> <span class='ocrx_word' id='word_1_93' title='bbox 1098 2159 1282 2226; x_wconf 65' lang='lat' dir='ltr'><strong>cognominem</strong></span> <span class='ocrx_word' id='word_1_94' title='bbox 1303 2159 1375 2212; x_wconf 91' lang='lat' dir='ltr'><strong>huno</strong></span> 
     </span>
     <span class='ocr_line' id='line_1_19' title="bbox 249 2243 1375 2314; baseline 0.003 -19"><span class='ocrx_word' id='word_1_95' title='bbox 249 2243 364 2296; x_wconf 90' lang='lat' dir='ltr'><strong>indicem</strong></span> <span class='ocrx_word' id='word_1_96' title='bbox 383 2245 464 2296; x_wconf 88' lang='lat' dir='ltr'><strong>etiam</strong></span> <span class='ocrx_word' id='word_1_97' title='bbox 484 2246 591 2298; x_wconf 86' lang='lat' dir='ltr'>urbibus</span> <span class='ocrx_word' id='word_1_98' title='bbox 610 2245 708 2298; x_wconf 88' lang='lat' dir='ltr'><strong>additis</strong></span> <span class='ocrx_word' id='word_1_99' title='bbox 720 2246 851 2312; x_wconf 79' lang='lat' dir='ltr'><strong>Didymus</strong></span> <span class='ocrx_word' id='word_1_100' title='bbox 870 2245 1004 2314; x_wconf 89' lang='lat' dir='ltr'><strong>supplevit</strong></span> <span class='ocrx_word' id='word_1_101' title='bbox 1016 2247 1096 2312; x_wconf 88' lang='lat' dir='ltr'><strong>atque</strong></span> <span class='ocrx_word' id='word_1_102' title='bbox 1109 2246 1185 2297; x_wconf 82' lang='lat' dir='ltr'><strong>auxit</strong></span> <span class='ocrx_word' id='word_1_103' title='bbox 1204 2245 1246 2303; x_wconf 83' lang='lat' dir='ltr'><strong>(cf.</strong></span> <span class='ocrx_word' id='word_1_104' title='bbox 1260 2246 1375 2298; x_wconf 84' lang='lat' dir='ltr'><strong>similem</strong></span> 
     </span>
     <span class='ocr_line' id='line_1_20' title="bbox 251 2329 1375 2400; baseline 0.001 -19"><span class='ocrx_word' id='word_1_105' title='bbox 251 2329 383 2382; x_wconf 85' lang='lat' dir='ltr'><strong>rationem</strong></span> <span class='ocrx_word' id='word_1_106' title='bbox 407 2331 435 2383; x_wconf 91' lang='lat' dir='ltr'><strong>in</strong></span> <span class='ocrx_word' id='word_1_107' title='bbox 458 2331 549 2384; x_wconf 89' lang='lat' dir='ltr'><strong>scholl.</strong></span> <span class='ocrx_word' id='word_1_108' title='bbox 568 2332 645 2384; x_wconf 88' lang='lat' dir='ltr'><strong>Iliad.</strong></span> <span class='ocrx_word' id='word_1_109' title='bbox 665 2333 684 2384; x_wconf 90' lang='lat' dir='ltr'>Z</span> <span class='ocrx_word' id='word_1_110' title='bbox 705 2332 755 2384; x_wconf 88' lang='lat'><strong>133</strong></span> <span class='ocrx_word' id='word_1_111' title='bbox 780 2336 808 2385; x_wconf 87' lang='lat' dir='ltr'><strong>et</strong></span> <span class='ocrx_word' id='word_1_112' title='bbox 831 2332 911 2400; x_wconf 82' lang='lat' dir='ltr'><strong>Soph.</strong></span> <span class='ocrx_word' id='word_1_113' title='bbox 930 2332 1023 2398; x_wconf 84' lang='lat' dir='ltr'><strong>Antig.</strong></span> <span class='ocrx_word' id='word_1_114' title='bbox 1044 2331 1129 2395; x_wconf 81' lang='grc'>1131),</span> <span class='ocrx_word' id='word_1_115' title='bbox 1148 2331 1287 2398; x_wconf 79' lang='lat' dir='ltr'><strong>exscripsit</strong></span> <span class='ocrx_word' id='word_1_116' title='bbox 1304 2331 1375 2397; x_wconf 85' lang='lat' dir='ltr'><strong>Epa·</strong></span> 
     </span>
     <span class='ocr_line' id='line_1_21' title="bbox 247 2415 1377 2486; baseline 0.003 -20"><span class='ocrx_word' id='word_1_117' title='bbox 247 2415 389 2483; x_wconf 89' lang='lat' dir='ltr'><strong>phroditus</strong></span> <span class='ocrx_word' id='word_1_118' title='bbox 412 2416 539 2469; x_wconf 88' lang='lat' dir='ltr'><strong>adiuncta</strong></span> <span class='ocrx_word' id='word_1_119' title='bbox 560 2418 731 2471; x_wconf 88' lang='lat' dir='ltr'><strong>Heracleonis</strong></span> <span class='ocrx_word' id='word_1_120' title='bbox 755 2421 904 2479; x_wconf 81' lang='lat' dir='ltr'><strong>sententia3</strong></span> <span class='ocrx_word' id='word_1_121' title='bbox 928 2416 1143 2486; x_wconf 83' lang='lat' dir='ltr'><strong>Epaphroditum</strong></span> <span class='ocrx_word' id='word_1_122' title='bbox 1165 2417 1296 2484; x_wconf 72' lang='lat' dir='ltr'><strong>extorpsit</strong></span> <span class='ocrx_word' id='word_1_123' title='bbox 1315 2417 1377 2470; x_wconf 88' lang='lat' dir='ltr'><strong>Ste-</strong></span> 
     </span>
     <span class='ocr_line' id='line_1_22' title="bbox 248 2501 1377 2571; baseline 0.003 -18"><span class='ocrx_word' id='word_1_124' title='bbox 248 2501 361 2570; x_wconf 87' lang='lat' dir='ltr'><strong>phanus‚</strong></span> <span class='ocrx_word' id='word_1_125' title='bbox 386 2503 431 2569; x_wconf 93' lang='lat' dir='ltr'><strong>qui</strong></span> <span class='ocrx_word' id='word_1_126' title='bbox 454 2503 510 2570; x_wconf 91' lang='lat' dir='ltr'><strong>ipse</strong></span> <span class='ocrx_word' id='word_1_127' title='bbox 536 2503 569 2555; x_wconf 92' lang='lat' dir='ltr'><strong>ab</strong></span> <span class='ocrx_word' id='word_1_128' title='bbox 592 2504 734 2556; x_wconf 83' lang='lat' dir='ltr'><strong>Hermolao</strong></span> <span class='ocrx_word' id='word_1_129' title='bbox 756 2505 796 2557; x_wconf 87' lang='lat' dir='ltr'><strong>ita</strong></span> <span class='ocrx_word' id='word_1_130' title='bbox 820 2504 988 2557; x_wconf 86' lang='lat' dir='ltr'><strong>abbreviatus</strong></span> <span class='ocrx_word' id='word_1_131' title='bbox 1006 2507 1061 2567; x_wconf 87' lang='lat' dir='ltr'><strong>est,</strong></span> <span class='ocrx_word' id='word_1_132' title='bbox 1086 2505 1118 2556; x_wconf 89' lang='lat' dir='ltr'><strong>nt</strong></span> <span class='ocrx_word' id='word_1_133' title='bbox 1135 2519 1205 2556; x_wconf 89' lang='lat' dir='ltr'><strong>nunc</strong></span> <span class='ocrx_word' id='word_1_134' title='bbox 1223 2502 1330 2571; x_wconf 90' lang='lat' dir='ltr'><strong>quidem</strong></span> <span class='ocrx_word' id='word_1_135' title='bbox 1348 2504 1377 2556; x_wconf 90' lang='lat' dir='ltr'><strong>in</strong></span> 
     </span>
     <span class='ocr_line' id='line_1_23' title="bbox 249 2588 956 2656; baseline 0.003 -16"><span class='ocrx_word' id='word_1_136' title='bbox 249 2588 333 2646; x_wconf 78' lang='lat' dir='ltr'><strong>lexico</strong></span> <span class='ocrx_word' id='word_1_137' title='bbox 351 2589 466 2656; x_wconf 87' lang='lat' dir='ltr'><strong>quinque</strong></span> <span class='ocrx_word' id='word_1_138' title='bbox 485 2592 592 2642; x_wconf 89' lang='lat' dir='ltr'><strong>tantum</strong></span> <span class='ocrx_word' id='word_1_139' title='bbox 611 2591 760 2642; x_wconf 85' lang='lat' dir='ltr'><strong>Arethusae</strong></span> <span class='ocrx_word' id='word_1_140' title='bbox 779 2591 956 2643; x_wconf 87' lang='lat' dir='ltr'><strong>inveniantur.</strong></span> 
     </span>
    </p>

    <p class='ocr_par' dir='ltr' id='par_1_14' title="bbox 249 2671 1379 3003">
     <span class='ocr_line' id='line_1_24' title="bbox 319 2671 1378 2744; baseline 0.001 -18"><span class='ocrx_word' id='word_1_141' title='bbox 319 2676 345 2740; x_wconf 80' lang='lat'><strong>1)</strong></span> <span class='ocrx_word' id='word_1_142' title='bbox 364 2676 431 2728; x_wconf 90' lang='lat' dir='ltr'><strong>Post</strong></span> <span class='ocrx_word' id='word_1_143' title='bbox 453 2676 532 2728; x_wconf 91' lang='lat' dir='ltr'><strong>verba</strong></span> <span class='ocrx_word' id='word_1_144' title='bbox 563 2685 606 2728; x_wconf 81' lang='grc' dir='ltr'><strong>και</strong></span> <span class='ocrx_word' id='word_1_145' title='bbox 624 2671 691 2743; x_wconf 76' lang='grc' dir='ltr'><strong><em>ἄλλη</em></strong></span> <span class='ocrx_word' id='word_1_146' title='bbox 719 2675 747 2728; x_wconf 73' lang='grc' dir='ltr'><strong>ἐν</strong></span> <span class='ocrx_word' id='word_1_147' title='bbox 766 2675 849 2744; x_wconf 83' lang='grc' dir='ltr'><strong><em>Σοίμῳ</em></strong></span> <span class='ocrx_word' id='word_1_148' title='bbox 875 2677 976 2744; x_wconf 89' lang='lat' dir='ltr'><strong>aliquid</strong></span> <span class='ocrx_word' id='word_1_149' title='bbox 997 2676 1164 2730; x_wconf 78' lang='lat' dir='ltr'><strong>intercidisse</strong></span> <span class='ocrx_word' id='word_1_150' title='bbox 1182 2692 1213 2728; x_wconf 79' lang='lat' dir='ltr'><strong>ex</strong></span> <span class='ocrx_word' id='word_1_151' title='bbox 1230 2692 1261 2727; x_wconf 90' lang='lat' dir='ltr'><strong>eo</strong></span> <span class='ocrx_word' id='word_1_152' title='bbox 1279 2691 1378 2742; x_wconf 86' lang='lat' dir='ltr'><strong>cogno·</strong></span> 
     </span>
     <span class='ocr_line' id='line_1_25' title="bbox 250 2761 1377 2829; baseline 0 -15"><span class='ocrx_word' id='word_1_153' title='bbox 250 2762 342 2823; x_wconf 87' lang='lat' dir='ltr'><strong>scitur,</strong></span> <span class='ocrx_word' id='word_1_154' title='bbox 363 2761 432 2829; x_wconf 90' lang='lat' dir='ltr'><strong>quod</strong></span> <span class='ocrx_word' id='word_1_155' title='bbox 450 2779 540 2814; x_wconf 89' lang='lat' dir='ltr'><strong>versus</strong></span> <span class='ocrx_word' id='word_1_156' title='bbox 558 2763 717 2815; x_wconf 88' lang='lat' dir='ltr'><strong>Homericus</strong></span> <span class='ocrx_word' id='word_1_157' title='bbox 736 2763 770 2814; x_wconf 90' lang='lat' dir='ltr'><strong>ad</strong></span> <span class='ocrx_word' id='word_1_158' title='bbox 789 2763 907 2816; x_wconf 84' lang='lat' dir='ltr'><strong>Samiam</strong></span> <span class='ocrx_word' id='word_1_159' title='bbox 925 2763 1087 2816; x_wconf 88' lang='lat' dir='ltr'><strong>Arethusam</strong></span> <span class='ocrx_word' id='word_1_160' title='bbox 1109 2763 1229 2829; x_wconf 85' lang='lat' dir='ltr'><strong>spectare</strong></span> <span class='ocrx_word' id='word_1_161' title='bbox 1247 2777 1300 2813; x_wconf 94' lang='lat' dir='ltr'><strong>non</strong></span> <span class='ocrx_word' id='word_1_162' title='bbox 1317 2765 1377 2829; x_wconf 90' lang='lat' dir='ltr'><strong>pot·</strong></span> 
     </span>
     <span class='ocr_line' id='line_1_26' title="bbox 250 2846 1379 2915; baseline 0.001 -16"><span class='ocrx_word' id='word_1_163' title='bbox 250 2850 298 2900; x_wconf 88' lang='lat' dir='ltr'><strong>est.</strong></span> <span class='ocrx_word' id='word_1_164' title='bbox 334 2846 458 2900; x_wconf 84' lang='lat' dir='ltr'><strong>Editores</strong></span> <span class='ocrx_word' id='word_1_165' title='bbox 481 2849 566 2915; x_wconf 85' lang='lat' dir='ltr'><strong>igitur</strong></span> <span class='ocrx_word' id='word_1_166' title='bbox 588 2865 669 2901; x_wconf 88' lang='lat' dir='ltr'><strong>unam</strong></span> <span class='ocrx_word' id='word_1_167' title='bbox 693 2847 853 2901; x_wconf 88' lang='lat' dir='ltr'><strong>addiderunt</strong></span> <span class='ocrx_word' id='word_1_168' title='bbox 869 2848 1047 2909; x_wconf 88' lang='lat' dir='ltr'><strong>Ithacensem,</strong></span> <span class='ocrx_word' id='word_1_169' title='bbox 1073 2850 1104 2900; x_wconf 91' lang='lat' dir='ltr'><strong>ut</strong></span> <span class='ocrx_word' id='word_1_170' title='bbox 1121 2848 1158 2899; x_wconf 90' lang='lat' dir='ltr'><strong>sit</strong></span> <span class='ocrx_word' id='word_1_171' title='bbox 1178 2863 1229 2915; x_wconf 93' lang='lat' dir='ltr'><strong>quo</strong></span> <span class='ocrx_word' id='word_1_172' title='bbox 1248 2847 1379 2900; x_wconf 87' lang='lat' dir='ltr'><strong>referatur</strong></span> 
     </span>
     <span class='ocr_line' id='line_1_27' title="bbox 249 2933 973 3003; baseline 0 -19"><span class='ocrx_word' id='word_1_173' title='bbox 249 2949 347 2995; x_wconf 89' lang='lat' dir='ltr'><strong>versus,</strong></span> <span class='ocrx_word' id='word_1_174' title='bbox 369 2934 415 2986; x_wconf 91' lang='lat' dir='ltr'><strong>sed</strong></span> <span class='ocrx_word' id='word_1_175' title='bbox 432 2938 498 3003; x_wconf 89' lang='lat' dir='ltr'><strong>quot</strong></span> <span class='ocrx_word' id='word_1_176' title='bbox 516 2951 608 2987; x_wconf 87' lang='lat' dir='ltr'><strong>revera</strong></span> <span class='ocrx_word' id='word_1_177' title='bbox 629 2935 742 2987; x_wconf 88' lang='lat' dir='ltr'><strong>omissae</strong></span> <span class='ocrx_word' id='word_1_178' title='bbox 761 2935 816 2985; x_wconf 89' lang='lat' dir='ltr'><strong>sint</strong></span> <span class='ocrx_word' id='word_1_179' title='bbox 833 2933 973 2985; x_wconf 87' lang='lat' dir='ltr'><strong>nescimus.</strong></span> 
     </span>
    </p>

    <p class='ocr_par' dir='ltr' id='par_1_15' title="bbox 249 3017 1381 3691">
     <span class='ocr_line' id='line_1_28' title="bbox 319 3017 1378 3089; baseline 0.002 -17"><span class='ocrx_word' id='word_1_180' title='bbox 319 3021 345 3084; x_wconf 82' lang='lat'><strong>2)</strong></span> <span class='ocrx_word' id='word_1_181' title='bbox 363 3021 554 3074; x_wconf 75' lang='lat' dir='ltr'><strong>commentarii</strong></span> <span class='ocrx_word' id='word_1_182' title='bbox 569 3021 707 3088; x_wconf 85' lang='lat' dir='ltr'><strong>inscriptio</strong></span> <span class='ocrx_word' id='word_1_183' title='bbox 727 3019 755 3070; x_wconf 70' lang='grc' dir='ltr'><strong>ἐν</strong></span> <span class='ocrx_word' id='word_1_184' title='bbox 773 3017 810 3084; x_wconf 69' lang='grc' dir='ltr'><strong>τῷ</strong></span> <span class='ocrx_word' id='word_1_185' title='bbox 827 3027 888 3086; x_wconf 75' lang='grc' dir='ltr'><strong><em>περὶ</em></strong></span> <span class='ocrx_word' id='word_1_186' title='bbox 907 3025 1049 3085; x_wconf 75' lang='grc' dir='ltr'><strong>στοιχείων,</strong></span> <span class='ocrx_word' id='word_1_187' title='bbox 1066 3035 1133 3088; x_wconf 89' lang='lat' dir='ltr'><strong>quae</strong></span> <span class='ocrx_word' id='word_1_188' title='bbox 1146 3019 1178 3072; x_wconf 88' lang='lat' dir='ltr'><strong>ab</strong></span> <span class='ocrx_word' id='word_1_189' title='bbox 1198 3022 1299 3089; x_wconf 86' lang='lat' dir='ltr'><strong>optimo</strong></span> <span class='ocrx_word' id='word_1_190' title='bbox 1311 3022 1378 3074; x_wconf 89' lang='lat' dir='ltr'><strong>libro</strong></span> 
     </span>
     <span class='ocr_line' id='line_1_29' title="bbox 250 3105 1380 3168; baseline -0.003 -7"><span class='ocrx_word' id='word_1_191' title='bbox 250 3107 425 3161; x_wconf 90' lang='lat' dir='ltr'><strong>Ambrosiano</strong></span> <span class='ocrx_word' id='word_1_192' title='bbox 438 3107 581 3168; x_wconf 86' lang='lat' dir='ltr'><strong>omittitur,</strong></span> <span class='ocrx_word' id='word_1_193' title='bbox 599 3107 715 3158; x_wconf 88' lang='lat' dir='ltr'><strong>virorum</strong></span> <span class='ocrx_word' id='word_1_194' title='bbox 733 3105 872 3159; x_wconf 91' lang='lat' dir='ltr'><strong>doctorum</strong></span> <span class='ocrx_word' id='word_1_195' title='bbox 885 3122 997 3160; x_wconf 88' lang='lat' dir='ltr'><strong>acumen</strong></span> <span class='ocrx_word' id='word_1_196' title='bbox 1009 3105 1110 3159; x_wconf 85' lang='lat' dir='ltr'><strong>frustra</strong></span> <span class='ocrx_word' id='word_1_197' title='bbox 1121 3107 1247 3160; x_wconf 81' lang='lat' dir='ltr'><strong>exercuit.</strong></span> <span class='ocrx_word' id='word_1_198' title='bbox 1277 3107 1380 3159; x_wconf 84' lang='lat' dir='ltr'><strong>Luenz·</strong></span> 
     </span>
     <span class='ocr_line' id='line_1_30' title="bbox 250 3191 1379 3262; baseline -0.004 -15"><span class='ocrx_word' id='word_1_199' title='bbox 250 3211 343 3247; x_wconf 90' lang='lat' dir='ltr'><strong>nerum</strong></span> <span class='ocrx_word' id='word_1_200' title='bbox 360 3194 378 3246; x_wconf 90' lang='lat' dir='ltr'><strong>l.</strong></span> <span class='ocrx_word' id='word_1_201' title='bbox 396 3194 413 3246; x_wconf 94' lang='lat' dir='ltr'><strong>l.</strong></span> <span class='ocrx_word' id='word_1_202' title='bbox 433 3195 487 3262; x_wconf 88' lang='lat' dir='ltr'><strong>p.9</strong></span> <span class='ocrx_word' id='word_1_203' title='bbox 506 3193 590 3255; x_wconf 72' lang='grc' dir='ltr'><strong><em>λέξεσι</em></strong></span> <span class='ocrx_word' id='word_1_204' title='bbox 604 3196 732 3259; x_wconf 79' lang='grc' dir='ltr'><strong><em>κωμικαῖς</em></strong></span> <span class='ocrx_word' id='word_1_205' title='bbox 751 3192 901 3246; x_wconf 88' lang='lat' dir='ltr'><strong>Arethusae</strong></span> <span class='ocrx_word' id='word_1_206' title='bbox 919 3193 1040 3247; x_wconf 87' lang='lat' dir='ltr'><strong>vocabuli</strong></span> <span class='ocrx_word' id='word_1_207' title='bbox 1058 3193 1261 3261; x_wconf 88' lang='lat' dir='ltr'><strong>explicationem</strong></span> <span class='ocrx_word' id='word_1_208' title='bbox 1279 3191 1379 3243; x_wconf 89' lang='lat' dir='ltr'><strong>adscri-</strong></span> 
     </span>
     <span class='ocr_line' id='line_1_31' title="bbox 249 3275 1379 3348; baseline -0.004 -15"><span class='ocrx_word' id='word_1_209' title='bbox 249 3281 356 3333; x_wconf 90' lang='lat' dir='ltr'><strong>bentem</strong></span> <span class='ocrx_word' id='word_1_210' title='bbox 383 3280 459 3334; x_wconf 85' lang='lat' dir='ltr'><strong>valde</strong></span> <span class='ocrx_word' id='word_1_211' title='bbox 485 3280 589 3348; x_wconf 87' lang='lat' dir='ltr'><strong>lapsum</strong></span> <span class='ocrx_word' id='word_1_212' title='bbox 617 3296 673 3332; x_wconf 88' lang='lat' dir='ltr'><strong>esse</strong></span> <span class='ocrx_word' id='word_1_213' title='bbox 701 3279 795 3331; x_wconf 88' lang='lat' dir='ltr'><strong>statim</strong></span> <span class='ocrx_word' id='word_1_214' title='bbox 822 3281 940 3348; x_wconf 88' lang='lat' dir='ltr'><strong>apparet.</strong></span> <span class='ocrx_word' id='word_1_215' title='bbox 985 3279 1078 3347; x_wconf 84' lang='lat' dir='ltr'><strong>Neque</strong></span> <span class='ocrx_word' id='word_1_216' title='bbox 1102 3277 1233 3332; x_wconf 84' lang='lat' dir='ltr'><strong>Ahrensio</strong></span> <span class='ocrx_word' id='word_1_217' title='bbox 1259 3275 1379 3345; x_wconf 88' lang='lat' dir='ltr'><strong>adstipu-</strong></span> 
     </span>
     <span class='ocr_line' id='line_1_32' title="bbox 249 3361 1379 3434; baseline -0.003 -15"><span class='ocrx_word' id='word_1_218' title='bbox 249 3365 357 3430; x_wconf 86' lang='lat' dir='ltr'><strong>landum</strong></span> <span class='ocrx_word' id='word_1_219' title='bbox 376 3370 426 3430; x_wconf 88' lang='lat' dir='ltr'><strong>est,</strong></span> <span class='ocrx_word' id='word_1_220' title='bbox 450 3367 496 3434; x_wconf 92' lang='lat' dir='ltr'><strong>qui</strong></span> <span class='ocrx_word' id='word_1_221' title='bbox 514 3367 625 3418; x_wconf 92' lang='lat' dir='ltr'><strong>titulum</strong></span> <span class='ocrx_word' id='word_1_222' title='bbox 643 3383 675 3418; x_wconf 84' lang='lat' dir='ltr'><strong>er</strong></span> <span class='ocrx_word' id='word_1_223' title='bbox 694 3363 722 3416; x_wconf 76' lang='grc' dir='ltr'><strong>ἐν</strong></span> <span class='ocrx_word' id='word_1_224' title='bbox 740 3363 776 3429; x_wconf 61' lang='grc' dir='ltr'><strong>τῇ</strong></span> <span class='ocrx_word' id='word_1_225' title='bbox 794 3374 855 3433; x_wconf 74' lang='grc' dir='ltr'><strong><em>περι</em></strong></span> <span class='ocrx_word' id='word_1_226' title='bbox 876 3364 971 3426; x_wconf 67' lang='grc' dir='ltr'><strong><em>λέξεων</em></strong></span> <span class='ocrx_word' id='word_1_227' title='bbox 991 3361 1058 3416; x_wconf 72' lang='lat' dir='ltr'><strong>nard</strong></span> <span class='ocrx_word' id='word_1_228' title='bbox 1077 3367 1206 3428; x_wconf 76' lang='grc' dir='ltr'><strong><em>στοιχεῖον</em></strong></span> <span class='ocrx_word' id='word_1_229' title='bbox 1224 3365 1379 3416; x_wconf 87' lang='lat' dir='ltr'><strong>mutilatum</strong></span> 
     </span>
     <span class='ocr_line' id='line_1_33' title="bbox 251 3449 1380 3521; baseline -0.003 -15"><span class='ocrx_word' id='word_1_230' title='bbox 251 3468 308 3506; x_wconf 90' lang='lat' dir='ltr'><strong>esse</strong></span> <span class='ocrx_word' id='word_1_231' title='bbox 332 3454 484 3521; x_wconf 86' lang='lat' dir='ltr'><strong>suspicatur</strong></span> <span class='ocrx_word' id='word_1_232' title='bbox 503 3452 604 3517; x_wconf 59' lang='lat' dir='ltr'><strong>(Bucol.</strong></span> <span class='ocrx_word' id='word_1_233' title='bbox 623 3451 653 3504; x_wconf 93' lang='grc' dir='ltr'>Π</span> <span class='ocrx_word' id='word_1_234' title='bbox 675 3467 701 3519; x_wconf 90' lang='lat' dir='ltr'><strong>p.</strong></span> <span class='ocrx_word' id='word_1_235' title='bbox 719 3451 789 3518; x_wconf 81' lang='grc'><strong>476).</strong></span> <span class='ocrx_word' id='word_1_236' title='bbox 832 3451 887 3504; x_wconf 78' lang='lat' dir='ltr'><strong>eur</strong></span> <span class='ocrx_word' id='word_1_237' title='bbox 909 3449 1093 3502; x_wconf 89' lang='lat' dir='ltr'><strong>doctissimum</strong></span> <span class='ocrx_word' id='word_1_238' title='bbox 1117 3451 1324 3517; x_wconf 82' lang='lat' dir='ltr'><strong>grammaticum</strong></span> <span class='ocrx_word' id='word_1_239' title='bbox 1348 3451 1380 3503; x_wconf 87' lang='lat' dir='ltr'><strong>de</strong></span> 
     </span>
     <span class='ocr_line' id='line_1_34' title="bbox 250 3534 1380 3607; baseline -0.002 -15"><span class='ocrx_word' id='word_1_240' title='bbox 250 3539 396 3602; x_wconf 84' lang='lat' dir='ltr'><strong>elementis,</strong></span> <span class='ocrx_word' id='word_1_241' title='bbox 414 3547 476 3607; x_wconf 70' lang='lat' dir='ltr'><strong>napi</strong></span> <span class='ocrx_word' id='word_1_242' title='bbox 493 3543 637 3602; x_wconf 73' lang='grc' dir='ltr'><strong>στοιχείων,</strong></span> <span class='ocrx_word' id='word_1_243' title='bbox 656 3537 785 3605; x_wconf 88' lang='lat' dir='ltr'><strong>peculiari</strong></span> <span class='ocrx_word' id='word_1_244' title='bbox 799 3534 988 3588; x_wconf 86' lang='lat' dir='ltr'><strong>commentario</strong></span> <span class='ocrx_word' id='word_1_245' title='bbox 1001 3535 1095 3601; x_wconf 81' lang='lat' dir='ltr'><strong>egisse,</strong></span> <span class='ocrx_word' id='word_1_246' title='bbox 1115 3553 1182 3604; x_wconf 88' lang='lat' dir='ltr'><strong>quaa</strong></span> <span class='ocrx_word' id='word_1_247' title='bbox 1196 3536 1278 3589; x_wconf 89' lang='lat' dir='ltr'><strong>etiam</strong></span> <span class='ocrx_word' id='word_1_248' title='bbox 1290 3537 1380 3590; x_wconf 90' lang='lat' dir='ltr'><strong>Dueh·</strong></span> 
     </span>
     <span class='ocr_line' id='line_1_35' title="bbox 249 3619 1381 3691; baseline -0.002 -13"><span class='ocrx_word' id='word_1_249' title='bbox 249 3625 308 3678; x_wconf 87' lang='lat' dir='ltr'><strong>neri</strong></span> <span class='ocrx_word' id='word_1_250' title='bbox 325 3624 406 3678; x_wconf 87' lang='lat' dir='ltr'><strong>fuisse</strong></span> <span class='ocrx_word' id='word_1_251' title='bbox 423 3624 529 3677; x_wconf 84' lang='lat' dir='ltr'><strong>videtur</strong></span> <span class='ocrx_word' id='word_1_252' title='bbox 547 3623 644 3691; x_wconf 82' lang='lat' dir='ltr'><strong>opinio,</strong></span> <span class='ocrx_word' id='word_1_253' title='bbox 663 3622 815 3691; x_wconf 77' lang='lat' dir='ltr'><strong>praefracte</strong></span> <span class='ocrx_word' id='word_1_254' title='bbox 833 3619 981 3687; x_wconf 87' lang='lat' dir='ltr'><strong>negemus?</strong></span> <span class='ocrx_word' id='word_1_255' title='bbox 1017 3621 1143 3676; x_wconf 83' lang='lat' dir='ltr'><strong>Ceterum</strong></span> <span class='ocrx_word' id='word_1_256' title='bbox 1161 3623 1255 3677; x_wconf 86' lang='lat' dir='ltr'><strong>Crates</strong></span> <span class='ocrx_word' id='word_1_257' title='bbox 1276 3625 1305 3677; x_wconf 93' lang='lat' dir='ltr'><strong>in</strong></span> <span class='ocrx_word' id='word_1_258' title='bbox 1323 3641 1381 3677; x_wconf 83' lang='lat' dir='ltr'><strong>vor·</strong></span> 
     </span>
    </p>
   </div>
   <div class='ocr_carea' id='block_1_8' title="bbox 251 3708 1120 3843">
    <p class='ocr_par' dir='ltr' id='par_1_16' title="bbox 251 3708 1120 3843">
     <span class='ocr_line' id='line_1_36' title="bbox 251 3708 491 3764; baseline -0.008 0"><span class='ocrx_word' id='word_1_259' title='bbox 251 3708 324 3764; x_wconf 92' lang='lat' dir='ltr'><strong>sibus</strong></span> <span class='ocrx_word' id='word_1_260' title='bbox 342 3711 491 3764; x_wconf 88' lang='lat' dir='ltr'><strong>Homericis</strong></span> 
     </span>
     <span class='ocr_line' id='line_1_37' title="bbox 899 3771 1120 3843; baseline 0.005 -15"><span class='ocrx_word' id='word_1_261' title='bbox 899 3771 932 3828; x_wconf 79' lang='lat' dir='ltr'><strong>ct‘</strong></span> <span class='ocrx_word' id='word_1_262' title='bbox 944 3772 972 3828; x_wconf 73' lang='grc' dir='ltr'><strong>δὲ</strong></span> <span class='ocrx_word' id='word_1_263' title='bbox 990 3781 1120 3843; x_wconf 76' lang='grc' dir='ltr'><strong><em>νέμονται</em></strong></span> 
     </span>
    </p>
   </div>
   <div class='ocr_carea' id='block_1_9' title="bbox 251 3859 1380 4343">
    <p class='ocr_par' dir='ltr' id='par_1_17' title="bbox 458 3859 1124 3934">
     <span class='ocr_line' id='line_1_38' title="bbox 458 3859 1124 3934; baseline -0.003 -17"><span class='ocrx_word' id='word_1_264' title='bbox 458 3859 519 3930; x_wconf 81' lang='grc' dir='ltr'><strong><em>ποὶρ</em></strong></span> <span class='ocrx_word' id='word_1_265' title='bbox 533 3860 642 3929; x_wconf 75' lang='grc' dir='ltr'><strong>κόρακος</strong></span> <span class='ocrx_word' id='word_1_266' title='bbox 659 3867 743 3932; x_wconf 75' lang='grc' dir='ltr'><strong><em>πέτρῃ</em></strong></span> <span class='ocrx_word' id='word_1_267' title='bbox 761 3860 807 3914; x_wconf 68' lang='grc' dir='ltr'><strong>ἐπί</strong></span> <span class='ocrx_word' id='word_1_268' title='bbox 822 3881 850 3914; x_wconf 84' lang='grc' dir='ltr'><strong>τε</strong></span> <span class='ocrx_word' id='word_1_269' title='bbox 869 3861 953 3934; x_wconf 76' lang='grc' dir='ltr'><strong><em>κρήνῃ</em></strong></span> <span class='ocrx_word' id='word_1_270' title='bbox 970 3859 1124 3934; x_wconf 73' lang='grc' dir='ltr'><strong>Ἀρεθούσῃ</strong></span> 
     </span>
    </p>

    <p class='ocr_par' dir='ltr' id='par_1_18' title="bbox 460 3945 1136 4016">
     <span class='ocr_line' id='line_1_39' title="bbox 460 3945 1136 4016; baseline -0.004 -13"><span class='ocrx_word' id='word_1_271' title='bbox 460 3951 588 4003; x_wconf 73' lang='grc' dir='ltr'><strong>ἔσθουσαι</strong></span> <span class='ocrx_word' id='word_1_272' title='bbox 609 3947 727 4009; x_wconf 74' lang='grc' dir='ltr'><strong><em>βάλανον</em></strong></span> <span class='ocrx_word' id='word_1_273' title='bbox 744 3953 883 4016; x_wconf 75' lang='grc' dir='ltr'><strong><em>μενοεικέα</em></strong></span> <span class='ocrx_word' id='word_1_274' title='bbox 901 3957 946 4001; x_wconf 79' lang='grc' dir='ltr'><strong>καὶ</strong></span> <span class='ocrx_word' id='word_1_275' title='bbox 963 3947 1049 4016; x_wconf 73' lang='grc' dir='ltr'><strong><em>μέλαν</em></strong></span> <span class='ocrx_word' id='word_1_276' title='bbox 1066 3945 1136 4016; x_wconf 73' lang='grc' dir='ltr'><strong><em>ὕδωρ</em></strong></span> 
     </span>
    </p>

    <p class='ocr_par' dir='ltr' id='par_1_19' title="bbox 251 4027 1380 4343">
     <span class='ocr_line' id='line_1_40' title="bbox 458 4027 1196 4105; baseline 0 -17"><span class='ocrx_word' id='word_1_277' title='bbox 458 4040 588 4096; x_wconf 77' lang='grc' dir='ltr'><strong><em>πίνουσαι,</em></strong></span> <span class='ocrx_word' id='word_1_278' title='bbox 608 4032 641 4087; x_wconf 75' lang='lat' dir='ltr'><strong>roi</strong></span> <span class='ocrx_word' id='word_1_279' title='bbox 660 4031 688 4086; x_wconf 83' lang='grc' dir='ltr'><strong>θ’</strong></span> <span class='ocrx_word' id='word_1_280' title='bbox 708 4027 780 4090; x_wconf 69' lang='lat' dir='ltr'><strong>{isone</strong></span> <span class='ocrx_word' id='word_1_281' title='bbox 797 4039 888 4102; x_wconf 72' lang='grc' dir='ltr'><strong><em>τρέφει</em></strong></span> <span class='ocrx_word' id='word_1_282' title='bbox 907 4034 1053 4088; x_wconf 77' lang='grc' dir='ltr'><strong><em>τεθαλυῖαν</em></strong></span> <span class='ocrx_word' id='word_1_283' title='bbox 1072 4032 1196 4105; x_wconf 70' lang='grc' dir='ltr'><strong><em>ἀλοιφήν.</em></strong></span> 
     </span>
     <span class='ocr_line' id='line_1_41' title="bbox 252 4116 1380 4192; baseline 0.001 -18"><span class='ocrx_word' id='word_1_284' title='bbox 252 4135 283 4174; x_wconf 84' lang='lat' dir='ltr'><strong>ex</strong></span> <span class='ocrx_word' id='word_1_285' title='bbox 307 4120 388 4172; x_wconf 83' lang='lat' dir='ltr'><strong>tertio</strong></span> <span class='ocrx_word' id='word_1_286' title='bbox 412 4137 491 4188; x_wconf 85' lang='lat' dir='ltr'><strong>quem</strong></span> <span class='ocrx_word' id='word_1_287' title='bbox 514 4119 645 4188; x_wconf 88' lang='lat' dir='ltr'><strong>adscripsi</strong></span> <span class='ocrx_word' id='word_1_288' title='bbox 669 4136 746 4174; x_wconf 90' lang='lat' dir='ltr'><strong>versu</strong></span> <span class='ocrx_word' id='word_1_289' title='bbox 762 4119 848 4187; x_wconf 74' lang='grc' dir='ltr'><strong><em>μέλαν</em></strong></span> <span class='ocrx_word' id='word_1_290' title='bbox 867 4116 937 4190; x_wconf 71' lang='grc' dir='ltr'><strong>ὕδωρ</strong></span> <span class='ocrx_word' id='word_1_291' title='bbox 955 4151 989 4159; x_wconf 93' lang='grc'>-</span> <span class='ocrx_word' id='word_1_292' title='bbox 1006 4122 1046 4174; x_wconf 92' lang='lat' dir='ltr'><strong>sic</strong></span> <span class='ocrx_word' id='word_1_293' title='bbox 1063 4121 1134 4174; x_wconf 94' lang='lat' dir='ltr'><strong>enim</strong></span> <span class='ocrx_word' id='word_1_294' title='bbox 1151 4137 1199 4190; x_wconf 91' lang='lat' dir='ltr'><strong>pro</strong></span> <span class='ocrx_word' id='word_1_295' title='bbox 1216 4119 1380 4192; x_wconf 69' lang='grc' dir='ltr'><strong><em>μελανύδρου</em></strong></span> 
     </span>
     <span class='ocr_line' id='line_1_42' title="bbox 251 4204 1380 4276; baseline 0.003 -17"><span class='ocrx_word' id='word_1_296' title='bbox 251 4204 419 4259; x_wconf 86' lang='lat' dir='ltr'><strong>scribendum</strong></span> <span class='ocrx_word' id='word_1_297' title='bbox 444 4205 548 4258; x_wconf 88' lang='lat' dir='ltr'><strong>videtur</strong></span> <span class='ocrx_word' id='word_1_298' title='bbox 568 4235 598 4244; x_wconf 90' lang='lat'><strong>—-</strong></span> <span class='ocrx_word' id='word_1_299' title='bbox 624 4206 653 4258; x_wconf 92' lang='lat' dir='ltr'><strong>in</strong></span> <span class='ocrx_word' id='word_1_300' title='bbox 671 4205 832 4274; x_wconf 90' lang='lat' dir='ltr'><strong>superiorem</strong></span> <span class='ocrx_word' id='word_1_301' title='bbox 850 4207 1028 4268; x_wconf 85' lang='lat' dir='ltr'><strong>transtulisse,</strong></span> <span class='ocrx_word' id='word_1_302' title='bbox 1047 4208 1179 4276; x_wconf 89' lang='lat' dir='ltr'><strong>reliquum</strong></span> <span class='ocrx_word' id='word_1_303' title='bbox 1197 4226 1258 4262; x_wconf 87' lang='lat' dir='ltr'><strong>vero</strong></span> <span class='ocrx_word' id='word_1_304' title='bbox 1275 4225 1380 4263; x_wconf 89' lang='lat' dir='ltr'><strong>versum</strong></span> 
     </span>
     <span class='ocr_line' id='line_1_43' title="bbox 253 4287 508 4343; baseline -0.004 0"><span class='ocrx_word' id='word_1_305' title='bbox 253 4287 378 4343; x_wconf 87' lang='lat' dir='ltr'><strong>delevisse</strong></span> <span class='ocrx_word' id='word_1_306' title='bbox 396 4288 508 4342; x_wconf 88' lang='lat' dir='ltr'><strong>videtur.</strong></span> 
     </span>
    </p>
   </div>
   <div class='ocr_carea' id='block_1_10' title="bbox 0 0 1549 5202">
    <p class='ocr_par' dir='ltr' id='par_1_20' title="bbox 0 0 1549 5202">
     <span class='ocr_line' id='line_1_44' title="bbox 0 0 1549 5202; baseline 0 0"><span class='ocrx_word' id='word_1_307' title='bbox 0 0 1549 5202; x_wconf 95' lang='lat' dir='ltr'><strong> </strong></span> 
     </span>
    </p>
   </div>
  </div>
 </body>
</html>
