3068 5202
691 429 900 493 .-10-

233 635 299 696 ροις,
322 607 403 674 ἀλλὰ
424 618 478 687 τῆς
501 575 676 688 Θεσσαλίας.
706 617 744 678 Α.
791 617 905 679 Contra
932 617 1149 681 Aristarchum
1178 617 1366 682 Demetrius

232 733 381 815 Scepsius
404 754 467 796 non
491 737 597 815 uniuS,
630 736 685 798 sed
712 736 847 818 duplicis
872 736 1038 800 Oechaliae
1065 739 1250 800 memoriam
1277 738 1362 818 apud

231 853 406 916 Homerum
422 859 532 916 extare
552 856 727 917 contendit:
748 858 851 936 priore
874 858 960 918 enim
975 857 1043 918 Ioco
1059 857 1245 919 Arcadieam
1261 876 1365 938 quan·

232 973 304 1035 dam
337 993 356 1034 a
386 976 480 1054 poeta
514 973 701 1056 significari,
744 974 841 1036 altero
874 995 949 1038 vero
983 973 1196 1037 Thessalicam
1232 974 1343 1037 urbem
1353 999 1365 1054 3.

231 1092 444 1173 Apollodorus
467 1092 581 1154 deinde
602 1095 751 1174 magistro
774 1094 955 1157 Aristarcho
985 1096 1198 1176 patrocinatus
1227 1099 1361 1177 utroque

230 1210 299 1274 loeo
319 1211 452 1273 eandem
474 1210 705 1290 Thessalicam
728 1211 837 1276 Strabo
860 1213 997 1295 denique
1020 1214 1115 1276 altero
1136 1215 1205 1277 loco
1227 1213 1362 1278 Thessa-

233 1329 326 1391 licam
348 1329 510 1410 probassa
533 1330 695 1393 dubitasse
717 1331 755 1393 de
775 1333 877 1414 priore
904 1331 1037 1394 videtur.
1084 1331 1126 1394 Cs.
1152 1331 1249 1395 Strab.
1274 1333 1362 1412 VIII,

233 1449 308 1510 339:
353 1439 455 1509 Τοῦτό
477 1470 512 1510 τε
535 1441 584 1510 οὖν
606 1453 700 1535 εἴρηκε
723 1439 1023 1535 (εοἌπολλύδωρος)
1040 1449 1204 1534 σκέψεωςῙ)
1222 1442 1361 1535 δεόμενον

233 1569 283 1628 καὶ
314 1569 377 1652 περὶ
404 1567 557 1652 Οἰχαλίας,
587 1565 635 1631 ὅτι
664 1569 749 1653 φησὶν
781 1566 814 1630 οὐ
846 1573 915 1654 μιᾶς
941 1562 1028 1641 οὐσης
1055 1570 1123 1653 μίαν
1153 1566 1225 1631 εἶναι
1257 1562 1363 1648 ,πόλιν

232 1677 367 1772 Εὐρύτου
399 1685 562 1771 Οἰχαλιῆος
572 1693 600 1764 ,“
641 1679 782 1756 δηλονότι
814 1681 870 1756 τὴν
903 1681 1104 1766 Θεσσαλικὴν,
1142 1686 1184 1773 ἐφ’
1223 1678 1260 1761 ἧς
1292 1711 1363 1775 φησι

234 1804 272 1885 (Β
297 1806 378 1885 730)-

316 1921 399 1985 Οίτ’
427 1925 497 2006 ἔχον
518 1920 670 2006 Οἰχαλίην,
693 1914 779 1985 πύλιν
802 1915 936 2010 Εὐρύτου
959 1924 1129 2009 Οἰχαλιῆος.
1216 1959 1221 1967 ·

232 2042 260 2103 Τ
262 2043 286 2116 ίς
301 2034 352 2104 οὐν
371 2043 444 2120 ἐστι,
467 2032 500 2114 ἐξ
521 2030 557 2115 ἦς
578 2035 750 2127 ὁρμηθέντα
773 2049 802 2104 od
818 2043 937 2105 Μοῦσαι
952 2038 1033 2104 κατὰ
1047 2036 1156 2130 Δώριον
1171 2043 1208 2125 (Β
1226 2046 1286 2107 595
1302 2047 1362 2127 sq.)

316 2151 475 2244 ἀντόμεναι
496 2151 626 2245 Θάμυριν
646 2153 700 2221 τὸν
722 2152 837 2245 Θρήικα
859 2166 974 2222 παῦσαν
996 2153 1099 2235 ἀοίδης

233 2281 317 2365 [φησὶ
338 2277 391 2364 μὲν
412 2269 489 2364 γάρ]
502 2282 523 2358 ²)

317 2396 502 2480 Οἰχαλίηθεν
522 2399 605 2458 ίοντα
627 2394 690 2483 παρ’
719 2387 854 2482 Εὐρύτου
876 2395 1056 2482 Οἰχαλιῆος,

233 2521 261 2578 εί
280 2514 334 2602 μὲν
352 2511 408 2602 γὰρ
430 2507 649 2596 ἠΘετταλικίι,
674 2514 729 2578 οὐκ
748 2509 781 2578 εὐ
802 2508 892 2577 πάλιν
913 2511 928 2579 ὁ
952 2508 1084 2601 Σκήψιος
1105 2507 1281 2602 Ἀρκαδικὴν
1295 2539 1371 2576 τινα

231 2634 339 2718 λέγων,
362 2633 397 2704 ἢν
418 2640 466 2696 νῦν
485 2630 634 2697 Ἀνδανίαν
655 2640 805 2698 καλοῦσιν.
849 2641 874 2698 εἰ
894 2628 921 2698 δ’
949 2625 1037 2709 οὖτος
1058 2629 1099 2714 εὐ,
1131 2637 1181 2697 καὶ
1215 2630 1234 2705 ἡ
1258 2633 1363 2720 Ἀρκα-

233 2745 301 2822 δικὴ
316 2746 402 2827 πόλις
416 2746 549 2841 Εὐρύτου
565 2759 684 2841 ἔρηται,
701 2753 772 2818 ὥστ’
794 2753 827 2817 οὐ
842 2757 894 2840 μία
907 2747 1006 2840 μόνον·
1031 2757 1138 2827 ἐκεῖνος
1153 2745 1188 2814 δὲ
1202 2754 1270 2838 μίαν
1283 2753 1362 2838 φησί.

318 2869 388 2946 Qua
427 2875 547 2937 ratione
584 2874 697 2936 duetus
736 2873 918 2937 Demetrius
955 2873 1141 2936 Arcadicum
1181 2871 1363 2936 Oechaliam

230 2991 436 3070 Intellexerit‚
455 2996 540 3074 patet
561 3013 602 3055 ex
625 2992 723 3055 Strab.
748 2991 834 3070 VIII,
859 2993 935 3056 350:
976 2984 1090 3079 Άώριυν
1112 2984 1138 3053 δ’
1166 2998 1192 3053 ot
1215 2990 1268 3077 μὲν
1289 2985 1362 3077 ὄρος,
1399 2964 1401 2970 ¹

217 3083 256 3172 oi
276 3097 311 3171 δὲ
332 3101 432 3172 πεδίον
454 3111 555 3195 φασίν·
580 3103 665 3172 οὐδὲν
683 3102 718 3172 δὲ
739 3115 787 3172 νῦν
809 3103 974 3174 δείκνυται·
998 3109 1080 3197 ὅμως
1103 3103 1131 3173 δ’
1153 3115 1221 3173 ἔνιοι
1241 3105 1296 3178 τίν
1315 3115 1366 3171 νῦν

224 3223 365 3316 Ὄλουριν
384 3223 402 3298 ἦ
420 3221 570 3314 Ὀλουραν
592 3230 621 3290 ἐν
646 3234 692 3310 τῷ
715 3229 889 3316 καλουμένῳ
907 3229 1025 3294 Αὐλῶνι
1045 3235 1100 3304 τῆς
1116 3228 1283 3302 Μεσσηνίας
1302 3250 1362 3290 κει-

228 3347 317 3433 μένην
337 3339 448 3433 Δώριον
467 3346 613 3430 λέγουσιν.
645 3345 738 3408 αὐτοῦ
761 3340 797 3410 δέ
815 3372 872 3411 που
895 3353 944 3411 καὶ
966 3344 984 3418 ἡ
1007 3349 1138 3434 Οἰχαλία
1166 3349 1245 3410 ἐστὶν
1266 3341 1285 3417 ί,
1307 3351 1365 3408 τοῦ

227 3458 371 3552 Εὐρύτου,
392 3463 411 3534 ἡ
432 3471 480 3526 νῦν
497 3458 640 3542 Ἀνδανία,
662 3467 813 3551 πολίχνιον
831 3458 1011 3552 Ἀρκαδικόν,
1036 3457 1192 3551 ὁμώνυμον
1212 3471 1258 3547 τῷ
1282 3465 1361 3529 Θετ-

226 3590 344 3666 ταλικῷ
375 3586 426 3646 καὶ
454 3590 500 3665 τῷ
527 3583 683 3666 Εὐβοικῷ·
710 3583 783 3648 ὅθεν
809 3587 895 3670 φησὶν
924 3578 940 3646 o
968 3579 1094 3658 ποιητὴς
1121 3587 1150 3658 ἐς
1180 3579 1218 3646 τύ
1249 3576 1362 3670 Δώριον

224 3695 406 3791 ἀφικόμενον
438 3695 568 3790 Θάμυριν
595 3699 648 3766 τὸν
685 3704 790 3790 Θρᾷκα
826 3699 881 3766 ὐπὸ
917 3703 1047 3766 Μουσῶν
1079 3702 1276 3790 ἀφαιρεθῆναι
1302 3697 1362 3772 τὴν

297 3875 320 3942 1)
339 3874 443 3928 Ludere
468 3873 576 3928 videtur
596 3875 648 3928 hoe
670 3873 839 3927 substantivo
862 3875 969 3938 Strabo,
991 3875 1079 3942 ipsum
1099 3873 1237 3942 Scepsium
1254 3871 1357 3940 signiti-

237 3975 308 4024 cans,
330 3957 552 4030 quemadmodum
569 3964 629 4014 tota
647 3961 704 4014 eius
722 3959 869 4029 disputatio
888 3962 975 4030 lepore
993 3963 1076 4028 etque
1091 3961 1149 4013 ioco
1167 3958 1275 4012 eondIte
1291 3957 1365 4011 vide·

222 4047 281 4109 tur3
299 4046 358 4116 ipse
376 4048 448 4102 enim
464 4063 560 4101 revere
573 4063 627 4100 non
644 4045 759 4109 dubitet,
781 4046 827 4101 sed
845 4047 984 4101 Demetrio
1001 4045 1193 4116 adstipulatur.

307 4136 338 4200 2)
355 4135 399 4188 Sic
421 4134 495 4188 hune
516 4134 604 4187 locum
623 4148 684 4186 cum
701 4133 834 4188 Metuolrio
850 4134 955 4188 Vindia.
975 4133 1061 4187 Streb.
1079 4149 1105 4202 p.
1124 4130 1363 4185 masculanum

220 4235 277 4275 eme
303 4236 412 4283 cnseo,
440 4220 494 4273 nisi
516 4218 587 4288 quod
610 4219 634 4272 ie
659 4219 787 4274 audacius
810 4224 918 4290 praeter
940 4227 1006 4290 φησι
1021 4221 1071 4288 μὲν
1086 4215 1137 4288 γὰρ
1155 4218 1238 4272 etiam
1255 4233 1362 4270 versum

219 4307 390 4360 Homericum
407 4307 430 4359 B
450 4306 510 4369 596,
534 4307 580 4374 qui
597 4306 726 4375 sequitur,
747 4307 936 4375 interpolatori
952 4305 1060 4359 tribuit.
