3068 5202
689 397 939 494 ſses-

356 613 443 688 Quae
474 617 499 676 si
532 615 734 696 probabiliter
755 618 996 700 disputavimusa
1020 609 1251 703 συγγράμματος
1270 619 1403 682 Aristar·

269 733 339 822 choi
362 735 516 797 rationem
538 734 779 815 dispositionem
803 737 944 800 ordinem
966 737 1150 800 adumbrare
1165 739 1245 801 licet.
1289 737 1401 801 Plures

270 858 380 915 extant
401 855 486 935 apud
502 854 679 917 Homerum
703 875 826 937 versus,
850 859 905 938 qui
927 859 1010 918 inter
1032 875 1065 918 se
1087 851 1230 938 pugnare
1245 858 1402 939 videntur,

271 974 345 1053 quia
366 973 510 1035 homines
533 975 599 1035 vivi
621 974 893 1055 introducuntur„
913 995 1047 1058 quorum
1069 980 1200 1038 mortem
1221 978 1285 1039 iam
1311 982 1403 1039 antea

268 1094 361 1173 poeta
383 1091 561 1174 descripsit,
591 1094 642 1154 vel
664 1097 862 1176 praesentes,
888 1096 942 1176 qui
965 1094 1076 1156 adesse
1109 1115 1174 1156 non
1195 1100 1330 1177 possunt
1351 1097 1401 1158 vel

269 1211 303 1271 in
327 1230 407 1292 quos
431 1211 491 1273 alia
513 1212 629 1273 similia
656 1212 779 1274 cadunt.
826 1210 912 1286 Quos
935 1231 1008 1275 cum
1030 1216 1225 1296 grammatici
1249 1219 1403 1298 quotquot

270 1333 342 1390 ante
380 1329 596 1392 Aristarchum
635 1332 868 1412 interpretando
905 1331 1044 1394 Homero
1080 1353 1206 1415 operam
1243 1333 1402 1414 dederant,

269 1451 463 1511 temereaut
484 1451 707 1512 immutassent
736 1456 789 1514 aut
809 1470 938 1534 prorsus
961 1452 1169 1534 delevissent,
1190 1454 1403 1533 Aristarchus,

270 1569 322 1629 cui
343 1587 393 1630 res
414 1570 489 1630 satis
506 1572 613 1652 magni
636 1572 788 1633 momenti
811 1569 986 1651 videbatur,
1009 1573 1184 1633 accuratius
1208 1573 1240 1633 in
1264 1591 1332 1634 eam
1355 1573 1404 1634 in·

270 1689 416 1769 quirendi
447 1690 618 1752 consilium
649 1691 739 1771 capit.
786 1687 866 1752 Com
887 1710 962 1752 vero
984 1691 1193 1772 gravissimus
1216 1695 1247 1752 et
1267 1692 1393 1752 notissi-

270 1825 342 1868 mus
359 1808 431 1893 (περὶ
447 1797 480 1868 οὖ
501 1810 608 1870 πολλοὶ
629 1813 691 1868 τῶν
712 1806 843 1894 ἀρχαίων
865 1799 1043 1882 ἑζητήκασιν
1058 1807 1085 1870 Β
1102 1810 1161 1871 851
1178 1811 1220 1890 A)
1243 1810 1296 1872 ille
1310 1811 1401 1872 locus

270 1925 496 2008 rhapsodias-N
513 1927 1023 2011 esset,1rbipoetaPylaemenem,
1036 1947 1054 1990 a
1068 1927 1211 1990 Menelao
1228 1930 1261 1990 in
1274 1929 1404 2010 rhapso—

269 2046 322 2109 dia
342 2047 369 2108 E
392 2049 550 2128 occisum,
581 2047 639 2109 filii
661 2053 795 2110 mortem
817 2049 1032 2130 deplorantem
1054 2049 1141 2129 iecit,
1171 2047 1246 2110 inde
1266 2049 1403 2110 Aristar-

270 2167 347 2228 chus
371 2185 506 2229 exorsus
523 2166 666 2229 libellum
690 2186 784 2230 suum
804 2169 867 2252 περὶ
889 2165 1097 2251 Πυλαιμένους
1118 2169 1288 2248 inscripsit.

355 2284 470 2368 Incipit
499 2287 594 2367 igitur
618 2279 636 2353 'lt
667 2276 787 2358 ζήτησις
814 2287 873 2371 resp*
906 2284 1113 2368 Πυλαιμένους
1143 2286 1186 2365 (Ν
1210 2287 1271 2347 643
1301 2287 1344 2367 A)
1374 2291 1406 2350 et

268 2397 402 2478 ζητεῖται
425 2405 570 2488 quidem,
592 2409 656 2477 πῶς
685 2402 823 2490 ἀνωτέρω
846 2401 1023 2491 ἀνῃρημένος
1043 2399 1058 2467 ὁ
1081 2403 1272 2489 Πυλαιμέψης
1294 2399 1334 2464 τὰ
1356 2409 1405 2466 νῦν

269 2516 392 2586 δύναται
423 2522 601 2585 ἀκολουθεῖν
632 2528 677 2604 τῷ
704 2526 792 2610 πατρὶ
813 2525 862 2585 καὶ
884 2524 994 2585 κλαίειν
1016 2523 1058 2605 (Ν
1082 2517 1142 2586 659
1164 2524 1245 2604 AD).
1291 2524 1402 2606 Itaque

269 2647 405 2728 primum
429 2645 652 2705 examinantur
673 2646 811 2706 rationes
828 2645 1024 2727 superiorum
1041 2645 1323 2725 grammaticorum.
1356 2644 1405 2705 Ac

270 2765 449 2828 Zenodotus
479 2763 607 2846 quidem
635 2765 742 2846 ipsum
763 2761 965 2842 Pylaemcnis
994 2779 1110 2824 nomen
1138 2762 1233 2823 altero
1255 2762 1324 2825 loco
1345 2782 1402 2844 per

269 2885 480 2946 coniecturam
503 2882 638 2944 sustulit.
683 2880 748 2943 Alii
767 2901 823 2964 pro

507 2993 590 3084 Υμετὰ
612 2992 646 3060 δὲ
671 3021 722 3084 σφι
743 2994 840 3086 πατὴρ
859 3000 903 3061 κίε
924 2991 1038 3086 δάκρυα
1057 3000 1165 3080 λείβων

271 3097 475 3184 coniecerunt
497 3114 575 3204 μετὰ
593 3110 620 3180 δ’
647 3111 681 3181 οὔ
704 3140 755 3203 σφι
777 3114 873 3207 πατὴρ
897 3127 953 3184 etc.
973 3091 1014 3201 (N
1030 3121 1091 3182 658
1111 3118 1192 3198 AD).
1216 3115 1404 3180 Refutantnr

255 3243 348 3304 haec
376 3243 584 3304 coniecturae.
630 3239 695 3302 Alii
722 3241 955 3322 interpretando
986 3259 1052 3303 rem
1082 3238 1230 3321 expedire
1259 3235 1320 3298 sibi
1341 3237 1413 3298 visi·

272 3365 348 3424 sunt
377 3359 415 3442 (E
438 3362 497 3422 576
520 3363 570 3442 A).
624 3361 674 3424 Ne
706 3361 817 3423 horum
850 3361 978 3443 quidem
1009 3358 1202 3420 ratiocinatio
1245 3354 1402 3439 probatur.

272 3479 397 3544 Deinde
426 3467 626 3544 Aristarchus
658 3482 697 3544 ad
724 3475 967 3562 Aristophanem
995 3477 1118 3556 transit,
1152 3477 1207 3558 qui
1235 3493 1347 3537 versus
1375 3465 1406 3536 N

275 3602 336 3663 658
358 3620 404 3684 sq.
436 3601 585 3663 delendos
613 3618 683 3662 esse
710 3601 832 3682 putavit
859 3597 899 3677 (N
920 3597 981 3659 658
1003 3596 1056 3677 V).
1100 3594 1175 3676 Ipse
1205 3593 1406 3656 Aristarchus

274 3723 394 3786 cautior
416 3725 470 3784 aut
490 3719 721 3802 expugnendos
738 3737 809 3780 essc
825 3721 934 3780 censet
953 3697 1007 3780 sut
1022 3710 1190 3800 ὁμωνυμίαν
1206 3711 1406 3774 statuendam

275 3839 315 3923 (N
337 3842 398 3904 658
419 3834 469 3920 V).
514 3834 596 3902 Tum
627 3839 803 3902 accuratius
836 3839 869 3900 in
905 3837 1110 3920 cognomines
1142 3834 1228 3894 viros
1265 3831 1405 3913 inquirit,

276 3997 486 4006 --—--—·

275 4043 426 4108 αἰτιῶνται,
451 4042 485 4098 olo
506 4046 597 4112 ἑτέρου
622 4043 716 4097 τούτου
734 4041 918 4110 Πυλαιμένουτ
944 4037 1017 4093 ὄντος
1034 4035 1096 4105 παρ’
1118 4036 1218 4092 ἐκεῖνον
1236 4032 1282 4089 erle
1300 4031 1407 4102 elvarps·

274 4139 373 4196 θέντα,
395 4129 657 4200 παρασημιιυιῖμενοι
681 4137 724 4181 καὶ
749 4124 832 4181 ἄλλας
858 4125 960 4181 aalide
977 4125 1131 4194 ὁμωνυμίας
1149 4120 1223 4192 παρά
1244 4120 1279 4189 τῷ
1298 4119 1405 4192 ποιητῇ,

275 4219 330 4276 οἷον
348 4216 470 4286 Epidicvs
490 4216 544 4280 elia,
568 4213 766 4286 supprimas
790 4213 847 4283 δύο,
870 4213 1034 4283 'Adpoiorons
1063 4219 1149 4282 τρεῖς,
1181 4208 1343 4286 Ὀφελίστατ
1360 4204 1406 4260 ’δύο

275 4317 321 4362 καὶ
340 4310 420 4376 ἕτερα
439 4305 557 4360 τοιαῦτα.
