3068 5202
660 464 870 526 ..20-

201 647 261 708 aaa
287 640 423 732 Ἔφυραν
450 641 489 719 ὡς
517 648 692 732 προείπομεν
720 651 787 708 κτλ.
832 647 946 711 Dedita
973 650 1069 730 ipitur
1089 669 1182 732 opera
1202 651 1336 732 Apollo·

201 765 304 828 dorus'
319 765 595 845 homonynriarum
617 766 700 848 apud
719 765 893 829 Homerum
909 769 1186 851 geographicarum
1202 770 1336 832 distinc-

199 886 320 946 tionem
339 886 489 956 tractarit.
520 882 622 960 Quam
638 886 870 948 commentandi
889 888 1044 950 rationem
1057 908 1122 951 non
1140 885 1179 950 ab
1196 890 1267 969 ipso
1283 890 1335 950 in-

200 1008 347 1085 ventam,
378 1006 435 1067 sed
464 1009 624 1085 acceptam
653 1022 724 1064 esse
754 1003 792 1065 ab
821 1003 1001 1067 Aristarcho
1034 1008 1184 1088 magistro
1206 1006 1334 1070 dnobus

201 1144 297 1214 supra
319 1125 442 1188 ostendi
463 1127 494 1185 et
519 1122 716 1204 Ephprarum
741 1127 773 1185 et
798 1122 1016 1186 Oechaliarum
1037 1124 1212 1206 indicibuS,
1245 1145 1333 1188 nunc

200 1248 291 1309 tertio
312 1243 450 1328 probabo
473 1241 745 1326 Orchomenorum
763 1243 918 1324 exemplo.
958 1241 1105 1304 Conferas
1128 1245 1215 1306 enim
1236 1245 1337 1327 Apol-

200 1364 300 1427 lodori
320 1363 551 1425 distinctionem
575 1379 648 1422 cum
671 1359 788 1422 scholio
806 1361 1004 1423 Aristarcheo
1025 1359 1053 1422 B
1078 1363 1154 1423 511:
1180 1357 1334 1448 Ὀρχομε-

200 1478 249 1546 νὸν
269 1473 416 1545 Μινύειον·
448 1476 466 1550 ἡ
499 1473 589 1548 διπλῆ
612 1476 659 1540 ὅτι
691 1481 741 1541 καὶ
763 1479 861 1564 ἕτερος
882 1469 1065 1564 Ὀρχομενός
1087 1463 1173 1540 ἐστιν
1196 1472 1333 1566 Ἀρκαδι-

201 1595 264 1676 κὸς·
293 1600 356 1664 ἀλλ’
390 1595 406 1663 ὁ
430 1599 485 1687 μὲν
514 1593 699 1671 Boram-au
728 1588 862 1670 Μινύειος
889 1601 1034 1675 καλεῖται,
1069 1593 1085 1660 ὁ
1108 1590 1143 1660 δὲ
1160 1590 1333 1684 Ἀρκαδικὸς

201 1713 384 1806 astipulor·
420 1721 470 1782 καὶ
501 1729 562 1790 τοῖς
594 1717 744 1791 ἐπιθέτοις
783 1710 995 1780 διαστέλλεται
1035 1711 1053 1778 i
1088 1711 1250 1800 ὁμωνυμία.
1295 1718 1333 1778 A.

200 1841 240 1904 Et
260 1834 461 1904 Aristarchus
483 1838 610 1921 quidem
629 1837 824 1920 ubicumque
847 1836 931 1919 apud
948 1841 1073 1919 poetam
1094 1837 1334 1916 homonymiam

202 1979 259 2022 seu
283 1959 408 2021 urbium
431 1977 488 2020 seu
509 1957 680 2019 fluminum
694 1961 888 2019 terrarnmve
905 1957 1037 2035 invenit
1060 1957 1205 2038 apposuit
1226 1948 1337 2022 διπλῆν
1391 1942 1406 1954 ’

203 2079 250 2158 (ci.
275 2077 302 2140 B
327 2079 397 2158 511,
417 2075 526 2138 839Ε
552 2076 622 2154 105,
651 2075 711 2136 113
733 2074 756 2136 Ζ
781 2076 840 2136 152
873 2073 1134 2138 1418119111
1159 2073 1246 2136 300
1270 2076 1330 2136 531

203 2198 284 2278 515),
305 2213 387 2278 quae
409 2199 483 2257 nota
503 2199 612 2277 postea
636 2213 693 2257 cur
713 2196 814 2276 posita
835 2196 920 2256 esset
941 2192 1140 2255 Aristonicus
1157 2194 1336 2275 discipulus

202 2317 246 2380 ita
272 2314 363 2378 nobis
392 2314 571 2396 explicavit,
601 2317 637 2374 ut
658 2331 770 2374 causas
793 2315 979 2394 argumenta
1002 2311 1238 2374 observationes
1261 2314 1337 2375 Ari-

204 2433 318 2496 starchi
338 2435 441 2515 ipsius
464 2433 592 2496 afferret.
639 2430 759 2506 Quodsi
780 2435 926 2494 tenemus
946 2451 1022 2494 mox
1043 2430 1203 2514 apparebit
1224 2430 1338 2493 discri-

203 2571 295 2631 men,
326 2551 409 2634 quod
431 2551 596 2613 intercedit
620 2553 702 2613 inter
723 2551 896 2612 Aristarchi
918 2553 949 2611 et
968 2550 1151 2632 Apollodori
1171 2553 1337 2617 rationem.

202 2670 247 2734 Ut
267 2672 353 2732 enim
373 2671 539 2732 redeamus
564 2670 604 2731 ad
625 2669 787 2732 Strabonis
809 2670 915 2732 locum
937 2667 1026 2749 Vlll,
1050 2670 1121 2749 338,
1142 2673 1251 2750 utpote
1270 2690 1338 2752 quo

202 2790 305 2852 fausta
325 2792 449 2853 fortuna
463 2790 610 2871 exempla
623 2789 853 2870 Apollodoroae
868 2790 999 2850 rationis
1016 2791 1139 2850 servata
1153 2786 1245 2848 nobis
1259 2792 1337 2849 sunt

132 2932 139 2947 ·
202 2907 473 2987 luculentissima,
505 2908 680 2990 discipulus
699 2909 734 2968 in
757 2905 964 2970 Orchomenis
987 2905 1122 2967 diversis
1145 2908 1177 2967 et
1195 2904 1336 2988 Ephyris

203 3026 428 3090 enumerandis
448 3028 592 3108 magistri
615 3026 760 3107 vestigiis
782 3026 935 3086 insistens
966 3025 1000 3086 in
1023 3023 1125 3090 Samis
1149 3025 1273 3088 duabus
1295 3026 1338 3089 ab

204 3164 242 3207 eo
261 3145 387 3208 recedit.
432 3143 517 3207 Talis
539 3147 625 3206 enim
648 3142 811 3208 Samorum
834 3144 1003 3225 distinctio,
1028 3146 1131 3227 qualis
1154 3145 1238 3227 apud
1260 3165 1335 3208 eum

202 3263 376 3347 legebatur,
391 3265 429 3327 ab
445 3265 618 3328 Aristarchi
631 3266 752 3328 ratione
770 3269 914 3347 proptera
928 3283 1056 3347 prorsus
1073 3263 1226 3345 abhorret,
1250 3265 1335 3348 quod

203 3383 330 3447 lonicae
346 3383 431 3447 Semi
454 3386 582 3464 11155115,
605 3403 679 3447 cum
694 3385 779 3466 apud
794 3383 970 3447 Homerum
988 3383 1205 3445 tantummodo
1222 3382 1338 3446 Samos

202 3521 302 3586 prope
322 3502 461 3569 Ithacam
481 3504 540 3564 sita
558 3509 589 3564 et
611 3501 721 3565 Sarnos
742 3501 875 3565 Thracia
893 3506 1043 3564 occurant
1063 3502 1149 3583 apud
1170 3501 1271 3581 illum,
1294 3520 1338 3562 nc

204 3624 334 3704 cogitari
361 3621 490 3704 quidem
517 3625 628 3704 potest.
673 3623 874 3686 Aristarchus
898 3623 985 3688 euim
1011 3639 1066 3686 eos
1089 3622 1192 3684 solum
1214 3623 1339 3686 notavit

203 3759 326 3820 versus,
348 3739 403 3802 ubi
425 3738 511 3802 Sami
531 3743 649 3803 mentio
671 3741 715 3821 fit,
735 3745 829 3822 atque
853 3742 880 3802 si
896 3741 1067 3803 Aristonici
1088 3740 1206 3802 sehoha
1228 3741 1335 3801 omnia

204 3857 296 3921 nobis
312 3865 434 3919 servata
456 3860 548 3938 esset,
570 3857 749 3942 legeremus
762 3861 805 3920 ita
816 3858 880 3920 fere
895 3860 930 3919 in
946 3858 972 3918 B
994 3861 1025 3920 et
1046 3857 1074 3917 N
1090 3861 1121 3919 et
1132 3854 1176 3917 il:
1194 3853 1268 3915 Ὅτι
1279 3846 1337 3918 δύο

205 3976 259 4036 εἰσὶ
280 3964 386 4056 Σάμοι,
408 3971 427 4042 ἦ
450 3995 485 4035 τε
508 3971 721 4059 Κεραλληνιαὴ
745 3979 795 4038 καὶ
816 3966 991 4061 hilperini,
1020 3974 1231 4057 Apollodorus
1246 3974 1335 4042 illam

205 4093 438 4154 distinctionem
466 4095 559 4156 etiam
590 4095 630 4158 ad
657 4095 799 4158 ionicam
825 4096 964 4160 insulam
985 4095 1105 4174 retuht,
1137 4114 1219 4177 quae
1250 4097 1336 4178 apud

204 4209 379 4274 Homerum
410 4229 474 4272 non
501 4213 680 4289 invenitur3
718 4232 854 4294 cumque
881 4213 942 4275 sibi
971 4215 1181 4295 persuasisset
1209 4219 1336 4297 poetam

206 4325 368 4389 Thraciam
389 4328 527 4390 insulam
548 4348 622 4392 cum
641 4329 747 4394 Imbro
770 4333 996 4413 composuisse,
1019 4336 1053 4394 ut
1074 4351 1144 4394 eam
1166 4332 1204 4395 ab
1227 4331 1337 4397 Ionica
