3068 5202
601 466 809 526 „29-

137 663 249 706 omnes
273 645 407 728 colligit,
436 666 453 708 o
479 648 653 712 litterarum
681 651 790 713 ordino
822 657 994 716 enumerat.
1041 652 1202 717 Postremo
1224 657 1271 717 sic

137 764 308 826 concludit:
361 768 423 826 ἔστι
455 757 490 826 δὲ
521 766 631 852 λέγειν,
663 765 710 830 ὅτι
743 760 796 830 δυο
830 770 1028 854 Πυλαιμένεις
1060 764 1272 857 Παφλαγόνων

135 875 288 969 ἡγημόνας
311 881 511 955 conternante
535 881 660 960 ποιητὴς
679 879 852 972 ὁμωνύμους
873 890 914 970 (N
936 891 997 953 658
1019 891 1100 974 AD).

220 1005 363 1068 Eandem
385 1008 609 1089 interpretandi
626 1011 780 1070 rationem
806 1011 899 1070 etiam
921 1010 960 1072 ad
981 1014 1100 1072 ceteros
1122 1011 1207 1073 locos
1230 1013 1272 1074 si-

137 1125 229 1186 miles
251 1124 379 1188 adhibet
401 1127 548 1189 velutad
572 1146 700 1190 versum
723 1126 749 1187 Γ
770 1128 839 1208 144,
863 1127 902 1189 de
925 1147 988 1211 quo
1012 1131 1057 1192 sie
1079 1129 1210 1192 iudicat:
1246 1136 1271 1192 ei

138 1241 262 1316 Θησέως
288 1243 370 1326 λέγει
395 1243 509 1331 μητέρα
538 1243 720 1324 enarrata,
753 1252 777 1307 εἰ
799 1239 833 1308 δὲ
861 1243 1015 1333 ὁμωνυμία
1037 1247 1115 1324 ἐστί,
1147 1240 1271 1310 δύναται

138 1360 240 1445 μένειν.

221 1482 291 1546 Hoc
312 1483 404 1546 modo
426 1485 633 1548 Arastarchus
656 1505 773 1548 novam
792 1487 1018 1568 interpretandi
1040 1487 1193 1548 rationem
1217 1488 1271 1560 do-

137 1603 252 1664 enitet
283 1604 338 1683 qni
365 1621 434 1664 mos
465 1605 630 1683 eluserat,
657 1603 833 1667 Homerum
856 1625 897 1668 ex
920 1607 989 1688 ipso
1007 1605 1146 1668 Homero
1169 1607 1271 1688 expli-

137 1724 209 1784 cuit.
257 1720 387 1786 Summa
414 1725 509 1805 igitur
543 1724 629 1786 illius
663 1715 894 1814 συγγράμματος
926 1731 992 1788 erat
1023 1725 1200 1788 dissertatio
1231 1725 1270 1788 de

137 1841 348 1922 homonymis,
370 1844 425 1924 qui
447 1844 656 1904 inveniuntur
678 1844 760 1925 apud
782 1842 967 1906 Homerum.

220 1961 271 2024 Ex
291 1965 355 2024 toto
377 1980 452 2024 vero
483 1953 692 2046 συγγράμματι
719 1981 874 2044 cognosce
905 1965 1066 2044 „criticum
1088 1963 1140 2026 vel
1164 1965 1199 2026 in
1222 1983 1270 2026 er-

136 2098 205 2141 rore
226 2078 447 2142 laudabilem‘t

672 2267 728 2330 Ill.

220 2418 385 2482 Postremo
401 2425 532 2486 conatus
545 2441 617 2484 sum
630 2427 728 2486 totum
744 2424 909 2484 restituere
923 2413 1109 2506 σύγγραμμα,
1122 2422 1268 2504 exemplo

137 2538 249 2602 scholii
271 2538 301 2600 N
324 2541 384 2601 643
407 2538 491 2602 BLV
507 2542 605 2602 nixus
628 2546 659 2603 et
681 2546 834 2623 quantum
849 2542 938 2622 potui
960 2540 1065 2604 verbis
1082 2541 1268 2604 scholiastae

135 2679 225 2726 risus.
270 2659 338 2722 Etsi
360 2664 465 2722 autem
485 2661 584 2724 multa
613 2660 729 2723 desunt
750 2661 843 2724 hodie
863 2663 898 2723 in
920 2662 1057 2738 scholiis,
1090 2680 1170 2742 quae
1193 2662 1268 2724 olim

136 2781 219 2861 apud
241 2782 458 2844 Aristarchum
479 2781 681 2865 legebantur,
708 2784 816 2842 tamen
839 2799 877 2842 ea
898 2785 1019 2843 tantum
1042 2783 1163 2862 recepi,
1187 2800 1268 2862 quae

135 2899 169 2959 in
192 2899 318 2960 scholiis
339 2905 462 2983 praesto
487 2905 569 2962 sunt.
601 2899 842 2982 Nonnunquam
862 2901 952 2982 plura
972 2901 1089 2962 scholia
1109 2902 1143 2962 in
1166 2920 1266 2962 unum

135 3019 278 3079 contraxi
304 3023 397 3101 atque
423 3021 466 3081 ita
495 3039 536 3082 ex
567 3023 686 3084 mutilis
719 3021 970 3102 Byzantinorum
989 3019 1173 3102 fragmentis
1196 3038 1268 3081 sen-

135 3139 265 3198 tentiam
291 3140 414 3202 restitui
444 3137 622 3202 uberiorem
650 3145 744 3222 atque
775 3141 958 3223 pleniorem.
1003 3137 1131 3220 Ubique
1162 3141 1266 3200 autem

137 3258 222 3323 unde
243 3258 404 3338 hauserim
432 3260 587 3324 rationem
606 3259 743 3322 reddidi:
780 3279 861 3342 qrrae
893 3262 978 3322 enim
1000 3278 1042 3321 ex
1065 3259 1191 3322 scholiis
1215 3259 1268 3320 do-

136 3377 286 3459 prompsi‚
311 3378 379 3439 loco
401 3380 556 3463 adscripto
579 3379 736 3458 adnotavi,
759 3397 840 3460 quae
859 3397 897 3440 ex
914 3397 984 3441 meo
1001 3378 1116 3458 addidi,
1139 3378 1188 3440 his
1209 3397 1269 3440 un-

136 3497 182 3557 cis
209 3505 235 3563 <
264 3509 292 3567 5
320 3495 444 3558 inclusi.

341 3688 533 3786 Ἀριστάρχου
553 3702 616 3787 περὶ
637 3702 846 3786 Πυλαιμένους
869 3694 1058 3789 σύγγραμμα.
1109 3730 1112 3736 ·

142 3853 306 3922 <llantur
328 3848 406 3940 παρὰ
427 3858 473 3934 τῷ
495 3859 604 3936 ποιητῇ
627 3850 752 3941 ἀπορίαι,
775 3850 834 3916 οἷον
856 3856 886 3915 ἐν
907 3859 946 3936 τῇ
970 3853 997 3914 Ε
1019 3847 1055 3914 τὸ

296 3966 400 4038 Ἔνθα
421 3974 615 4059 Πυλαιμένεα
637 3972 742 4044 ἑλέτην
764 3965 933 4036 ἀτάλαντον
949 3967 1037 4058 Ἄρηϊ,

302 4085 393 4179 ἄρχον
414 4087 629 4182 Παφλαγόνων
650 4085 845 4179 μεγαθύμων,
867 4083 1049 4154 ἀσπιστάων.

134 4203 268 4296 μάχεται
294 4219 340 4295 τῷ
367 4217 412 4291 ἐνΙ
427 4219 465 4296 τῇ
496 4209 577 4301 παρὰ
598 4215 680 4276 ναυσί
702 4204 785 4298 μάχῃ
807 4204 898 4286 ζῶντι
921 4208 1104 4294 Πυλαιμένει
1127 4210 1177 4270 καὶ
1198 4209 1268 4270 ἑπο-

135 4332 213 4415 μένῳ
236 4338 281 4413 τῷ
305 4325 389 4396 παιδὶ
408 4328 590 4420 Ἁρπαλίωνι
