<?xml version="1.0" encoding="UTF-8"?>
<!DOCTYPE html PUBLIC "-//W3C//DTD XHTML 1.0 Transitional//EN"
    "http://www.w3.org/TR/xhtml1/DTD/xhtml1-transitional.dtd">
<html xmlns="http://www.w3.org/1999/xhtml" xml:lang="en" lang="en">
 <head>
  <title>
</title>
<meta http-equiv="Content-Type" content="text/html;charset=utf-8" />
  <meta name='ocr-system' content='tesseract 3.04.00' />
  <meta name='ocr-capabilities' content='ocr_page ocr_carea ocr_par ocr_line ocrx_word'/>
</head>
<body>
  <div class='ocr_page' id='page_1' title='image "./analectaaristar00schigoog_0013.png"; bbox 0 0 3068 5202; ppageno 0'>
   <div class='ocr_carea' id='block_1_1' title="bbox 707 437 900 496">
    <p class='ocr_par' dir='ltr' id='par_1_1' title="bbox 707 437 900 496">
     <span class='ocr_line' id='line_1_1' title="bbox 707 437 900 496; baseline -0.01 -17"><span class='ocrx_word' id='word_1_1' title='bbox 707 437 900 496; x_wconf 62' lang='lat'><strong>-.4-</strong></span> 
     </span>
    </p>
   </div>
   <div class='ocr_carea' id='block_1_2' title="bbox 228 619 1372 3077">
    <p class='ocr_par' dir='ltr' id='par_1_2' title="bbox 234 619 1372 1656">
     <span class='ocr_line' id='line_1_2' title="bbox 236 619 1371 702; baseline 0.001 -21"><span class='ocrx_word' id='word_1_2' title='bbox 236 621 470 701; x_wconf 84' lang='lat' dir='ltr'>grammaticus,</span> <span class='ocrx_word' id='word_1_3' title='bbox 493 639 509 682; x_wconf 94' lang='lat' dir='ltr'>e</span> <span class='ocrx_word' id='word_1_4' title='bbox 531 622 622 682; x_wconf 89' lang='lat' dir='ltr'>cuius</span> <span class='ocrx_word' id='word_1_5' title='bbox 643 623 876 683; x_wconf 89' lang='lat' dir='ltr'>commentariis</span> <span class='ocrx_word' id='word_1_6' title='bbox 893 619 1086 702; x_wconf 80' lang='lat' dir='ltr'>Stephanum</span> <span class='ocrx_word' id='word_1_7' title='bbox 1104 639 1313 702; x_wconf 91' lang='lat' dir='ltr'>quaecunque</span> <span class='ocrx_word' id='word_1_8' title='bbox 1336 621 1371 682; x_wconf 92' lang='lat' dir='ltr'>in</span> 
     </span>
     <span class='ocr_line' id='line_1_3' title="bbox 236 737 1371 822; baseline 0.002 -24"><span class='ocrx_word' id='word_1_9' title='bbox 236 737 339 800; x_wconf 79' lang='lat' dir='ltr'>lexico</span> <span class='ocrx_word' id='word_1_10' title='bbox 369 738 408 800; x_wconf 89' lang='lat' dir='ltr'>ad</span> <span class='ocrx_word' id='word_1_11' title='bbox 435 740 659 821; x_wconf 81' lang='lat' dir='ltr'>geographiam</span> <span class='ocrx_word' id='word_1_12' title='bbox 688 739 890 803; x_wconf 75' lang='lat' dir='ltr'>Homericam</span> <span class='ocrx_word' id='word_1_13' title='bbox 922 742 1098 822; x_wconf 72' lang='lat' dir='ltr'>pertinent,</span> <span class='ocrx_word' id='word_1_14' title='bbox 1131 758 1232 822; x_wconf 89' lang='lat' dir='ltr'>paene</span> <span class='ocrx_word' id='word_1_15' title='bbox 1263 741 1371 801; x_wconf 90' lang='lat' dir='ltr'>omnia</span> 
     </span>
     <span class='ocr_line' id='line_1_4' title="bbox 236 856 1370 921; baseline -0.001 -2"><span class='ocrx_word' id='word_1_16' title='bbox 236 856 382 920; x_wconf 84' lang='lat' dir='ltr'>hausisse</span> <span class='ocrx_word' id='word_1_17' title='bbox 409 860 584 920; x_wconf 90' lang='lat' dir='ltr'>rectissime</span> <span class='ocrx_word' id='word_1_18' title='bbox 612 860 718 921; x_wconf 91' lang='lat' dir='ltr'>docuit</span> <span class='ocrx_word' id='word_1_19' title='bbox 748 859 784 920; x_wconf 94' lang='lat' dir='ltr'>B.</span> <span class='ocrx_word' id='word_1_20' title='bbox 808 859 906 921; x_wconf 86' lang='lat' dir='ltr'>Niese</span> <span class='ocrx_word' id='word_1_21' title='bbox 931 861 966 921; x_wconf 92' lang='lat' dir='ltr'>in</span> <span class='ocrx_word' id='word_1_22' title='bbox 992 859 1073 921; x_wconf 89' lang='lat' dir='ltr'>lllus.</span> <span class='ocrx_word' id='word_1_23' title='bbox 1101 856 1203 920; x_wconf 83' lang='lat' dir='ltr'>Rhea.</span> <span class='ocrx_word' id='word_1_24' title='bbox 1236 856 1370 920; x_wconf 88' lang='lat' dir='ltr'>XXXII</span> 
     </span>
     <span class='ocr_line' id='line_1_5' title="bbox 234 949 1372 1059; baseline 0.002 -23"><span class='ocrx_word' id='word_1_25' title='bbox 234 995 265 1058; x_wconf 65' lang='lat' dir='ltr'>p⁴</span> <span class='ocrx_word' id='word_1_26' title='bbox 292 977 361 1037; x_wconf 81' lang='grc'><strong>276.</strong></span> <span class='ocrx_word' id='word_1_27' title='bbox 406 975 517 1059; x_wconf 87' lang='lat' dir='ltr'>ltaque</span> <span class='ocrx_word' id='word_1_28' title='bbox 544 977 749 1059; x_wconf 82' lang='lat' dir='ltr'>Epaphroditi</span> <span class='ocrx_word' id='word_1_29' title='bbox 776 949 1018 1042; x_wconf 88' lang='lat' dir='ltr'>commentarios</span> <span class='ocrx_word' id='word_1_30' title='bbox 1040 977 1227 1039; x_wconf 78' lang='lat' dir='ltr'>Homericos</span> <span class='ocrx_word' id='word_1_31' title='bbox 1254 978 1372 1057; x_wconf 91' lang='lat' dir='ltr'>prioris</span> 
     </span>
     <span class='ocr_line' id='line_1_6' title="bbox 234 1094 1369 1178; baseline 0 -22"><span class='ocrx_word' id='word_1_32' title='bbox 234 1094 348 1157; x_wconf 88' lang='lat' dir='ltr'>indicis</span> <span class='ocrx_word' id='word_1_33' title='bbox 375 1094 495 1158; x_wconf 86' lang='lat' dir='ltr'>sontem</span> <span class='ocrx_word' id='word_1_34' title='bbox 523 1115 594 1158; x_wconf 90' lang='lat' dir='ltr'>esse</span> <span class='ocrx_word' id='word_1_35' title='bbox 623 1095 785 1177; x_wconf 81' lang='lat' dir='ltr'>probabile</span> <span class='ocrx_word' id='word_1_36' title='bbox 814 1100 870 1158; x_wconf 89' lang='lat' dir='ltr'>est.</span> <span class='ocrx_word' id='word_1_37' title='bbox 917 1095 1000 1171; x_wconf 83' lang='lat' dir='ltr'>Quid</span> <span class='ocrx_word' id='word_1_38' title='bbox 1023 1096 1108 1178; x_wconf 92' lang='lat' dir='ltr'>quod</span> <span class='ocrx_word' id='word_1_39' title='bbox 1129 1097 1312 1157; x_wconf 84' lang='lat' dir='ltr'>etiamnunc</span> <span class='ocrx_word' id='word_1_40' title='bbox 1333 1097 1369 1156; x_wconf 90' lang='lat' dir='ltr'>in</span> 
     </span>
     <span class='ocr_line' id='line_1_7' title="bbox 235 1213 1369 1298; baseline 0.001 -23"><span class='ocrx_word' id='word_1_41' title='bbox 235 1214 322 1276; x_wconf 91' lang='lat' dir='ltr'>codd.</span> <span class='ocrx_word' id='word_1_42' title='bbox 346 1214 471 1277; x_wconf 86' lang='lat' dir='ltr'>Veneto</span> <span class='ocrx_word' id='word_1_43' title='bbox 496 1213 523 1276; x_wconf 94' lang='lat' dir='ltr'>B</span> <span class='ocrx_word' id='word_1_44' title='bbox 553 1218 584 1276; x_wconf 89' lang='lat' dir='ltr'>et</span> <span class='ocrx_word' id='word_1_45' title='bbox 609 1215 770 1296; x_wconf 88' lang='lat' dir='ltr'>Lipsiensi</span> <span class='ocrx_word' id='word_1_46' title='bbox 801 1216 839 1278; x_wconf 91' lang='lat' dir='ltr'>ad</span> <span class='ocrx_word' id='word_1_47' title='bbox 868 1215 969 1277; x_wconf 68' lang='lat'>2152</span> <span class='ocrx_word' id='word_1_48' title='bbox 999 1233 1127 1298; x_wconf 86' lang='lat' dir='ltr'>prorsus</span> <span class='ocrx_word' id='word_1_49' title='bbox 1155 1214 1292 1276; x_wconf 89' lang='lat' dir='ltr'>similem</span> <span class='ocrx_word' id='word_1_50' title='bbox 1315 1215 1369 1277; x_wconf 91' lang='lat' dir='ltr'>ad-</span> 
     </span>
     <span class='ocr_line' id='line_1_8' title="bbox 234 1333 1370 1415; baseline 0.001 -22"><span class='ocrx_word' id='word_1_51' title='bbox 234 1334 439 1412; x_wconf 76' lang='lat' dir='ltr'>notationem,</span> <span class='ocrx_word' id='word_1_52' title='bbox 460 1353 522 1414; x_wconf 89' lang='lat' dir='ltr'>qua</span> <span class='ocrx_word' id='word_1_53' title='bbox 545 1335 688 1415; x_wconf 92' lang='lat' dir='ltr'>quinque</span> <span class='ocrx_word' id='word_1_54' title='bbox 702 1333 850 1415; x_wconf 90' lang='lat' dir='ltr'>Ephyrae</span> <span class='ocrx_word' id='word_1_55' title='bbox 866 1334 977 1396; x_wconf 89' lang='lat' dir='ltr'>eodem</span> <span class='ocrx_word' id='word_1_56' title='bbox 1000 1334 1109 1396; x_wconf 84' lang='lat' dir='ltr'>ordine</span> <span class='ocrx_word' id='word_1_57' title='bbox 1131 1337 1370 1414; x_wconf 87' lang='lat' dir='ltr'>enumerantur,</span> 
     </span>
     <span class='ocr_line' id='line_1_9' title="bbox 234 1442 1369 1537; baseline -0.003 -25"><span class='ocrx_word' id='word_1_58' title='bbox 234 1451 440 1512; x_wconf 77' lang='lat' dir='ltr'>invenimus?</span> <span class='ocrx_word' id='word_1_59' title='bbox 463 1445 527 1519; x_wconf 74' lang='grc' dir='ltr'>Τὴν</span> <span class='ocrx_word' id='word_1_60' title='bbox 558 1442 704 1537; x_wconf 72' lang='grc' dir='ltr'>Κόρινθον</span> <span class='ocrx_word' id='word_1_61' title='bbox 732 1450 822 1536; x_wconf 75' lang='grc' dir='ltr'>λέγει,</span> <span class='ocrx_word' id='word_1_62' title='bbox 848 1453 901 1513; x_wconf 88' lang='grc' dir='ltr'>εἰσὶ</span> <span class='ocrx_word' id='word_1_63' title='bbox 931 1443 966 1512; x_wconf 68' lang='grc' dir='ltr'>δὲ</span> <span class='ocrx_word' id='word_1_64' title='bbox 989 1445 1120 1537; x_wconf 82' lang='grc' dir='ltr'>Ἔφυραι</span> <span class='ocrx_word' id='word_1_65' title='bbox 1148 1453 1197 1514; x_wconf 89' lang='grc' dir='ltr'>καὶ</span> <span class='ocrx_word' id='word_1_66' title='bbox 1226 1444 1369 1528; x_wconf 54' lang='grc' dir='ltr'>ἄλλατί,</span> 
     </span>
     <span class='ocr_line' id='line_1_10' title="bbox 235 1559 1368 1656; baseline 0.004 -31"><span class='ocrx_word' id='word_1_67' title='bbox 235 1566 264 1626; x_wconf 77' lang='grc' dir='ltr'>ἐν</span> <span class='ocrx_word' id='word_1_68' title='bbox 288 1565 474 1656; x_wconf 76' lang='grc' dir='ltr'>Θεσπρωτίᾳ,</span> <span class='ocrx_word' id='word_1_69' title='bbox 501 1561 519 1635; x_wconf 78' lang='grc' dir='ltr'>ἡ</span> <span class='ocrx_word' id='word_1_70' title='bbox 542 1567 572 1627; x_wconf 87' lang='grc' dir='ltr'>ἐν</span> <span class='ocrx_word' id='word_1_71' title='bbox 594 1566 756 1648; x_wconf 73' lang='grc' dir='ltr'>Θεσσαλίᾳ,</span> <span class='ocrx_word' id='word_1_72' title='bbox 785 1563 804 1636; x_wconf 81' lang='grc' dir='ltr'>ἡ</span> <span class='ocrx_word' id='word_1_73' title='bbox 828 1570 858 1630; x_wconf 86' lang='grc' dir='ltr'>ἐν</span> <span class='ocrx_word' id='word_1_74' title='bbox 880 1559 967 1651; x_wconf 75' lang='grc' dir='ltr'>Οἰνόῃ</span> <span class='ocrx_word' id='word_1_75' title='bbox 990 1570 1040 1630; x_wconf 89' lang='grc' dir='ltr'>καὶ</span> <span class='ocrx_word' id='word_1_76' title='bbox 1060 1573 1146 1641; x_wconf 79' lang='grc' dir='ltr'>νῆσος</span> <span class='ocrx_word' id='word_1_77' title='bbox 1167 1570 1230 1654; x_wconf 85' lang='grc' dir='ltr'>περὶ</span> <span class='ocrx_word' id='word_1_78' title='bbox 1252 1569 1368 1638; x_wconf 66' lang='grc' dir='ltr'>Μῆλον.</span> 
     </span>
    </p>

    <p class='ocr_par' dir='ltr' id='par_1_3' title="bbox 228 1683 1370 3077">
     <span class='ocr_line' id='line_1_11' title="bbox 320 1683 1368 1771; baseline 0.004 -24"><span class='ocrx_word' id='word_1_79' title='bbox 320 1683 383 1748; x_wconf 93' lang='lat' dir='ltr'>Sed</span> <span class='ocrx_word' id='word_1_80' title='bbox 402 1685 652 1767; x_wconf 84' lang='lat' dir='ltr'>Epaphroditum</span> <span class='ocrx_word' id='word_1_81' title='bbox 679 1688 856 1768; x_wconf 88' lang='lat' dir='ltr'>prodidisse</span> <span class='ocrx_word' id='word_1_82' title='bbox 887 1689 1016 1770; x_wconf 90' lang='lat' dir='ltr'>quidem</span> <span class='ocrx_word' id='word_1_83' title='bbox 1037 1686 1193 1771; x_wconf 86' lang='lat' dir='ltr'>Stephano</span> <span class='ocrx_word' id='word_1_84' title='bbox 1222 1688 1368 1770; x_wconf 88' lang='lat' dir='ltr'>Ephyra-</span> 
     </span>
     <span class='ocr_line' id='line_1_12' title="bbox 232 1804 1368 1890; baseline 0.003 -24"><span class='ocrx_word' id='word_1_85' title='bbox 232 1823 305 1866; x_wconf 84' lang='lat' dir='ltr'>rum</span> <span class='ocrx_word' id='word_1_86' title='bbox 326 1805 463 1867; x_wconf 90' lang='lat' dir='ltr'>indicem</span> <span class='ocrx_word' id='word_1_87' title='bbox 485 1805 577 1867; x_wconf 86' lang='lat' dir='ltr'>valde</span> <span class='ocrx_word' id='word_1_88' title='bbox 599 1805 677 1867; x_wconf 91' lang='lat' dir='ltr'>mihi</span> <span class='ocrx_word' id='word_1_89' title='bbox 698 1804 860 1886; x_wconf 86' lang='lat' dir='ltr'>probabile</span> <span class='ocrx_word' id='word_1_90' title='bbox 881 1808 1027 1888; x_wconf 71' lang='lat' dir='ltr'>videtur,</span> <span class='ocrx_word' id='word_1_91' title='bbox 1058 1809 1163 1890; x_wconf 90' lang='lat' dir='ltr'>ipsum</span> <span class='ocrx_word' id='word_1_92' title='bbox 1184 1827 1260 1869; x_wconf 84' lang='lat' dir='ltr'>vero</span> <span class='ocrx_word' id='word_1_93' title='bbox 1282 1827 1368 1870; x_wconf 88' lang='lat' dir='ltr'>com-</span> 
     </span>
     <span class='ocr_line' id='line_1_13' title="bbox 234 1923 1368 2008; baseline 0.004 -24"><span class='ocrx_word' id='word_1_94' title='bbox 234 1924 380 2005; x_wconf 91' lang='lat' dir='ltr'>posuisse</span> <span class='ocrx_word' id='word_1_95' title='bbox 402 1943 465 1985; x_wconf 88' lang='lat' dir='ltr'>non</span> <span class='ocrx_word' id='word_1_96' title='bbox 494 1925 578 1985; x_wconf 91' lang='lat' dir='ltr'>item.</span> <span class='ocrx_word' id='word_1_97' title='bbox 623 1923 737 2007; x_wconf 89' lang='lat' dir='ltr'>Neque</span> <span class='ocrx_word' id='word_1_98' title='bbox 762 1927 848 1986; x_wconf 90' lang='lat' dir='ltr'>enim</span> <span class='ocrx_word' id='word_1_99' title='bbox 871 1927 992 2007; x_wconf 92' lang='lat' dir='ltr'>primus</span> <span class='ocrx_word' id='word_1_100' title='bbox 1014 1925 1190 1988; x_wconf 85' lang='lat' dir='ltr'>Homerum</span> <span class='ocrx_word' id='word_1_101' title='bbox 1212 1927 1368 2008; x_wconf 87' lang='lat' dir='ltr'>interpre-</span> 
     </span>
     <span class='ocr_line' id='line_1_14' title="bbox 233 2043 1368 2126; baseline 0.003 -23"><span class='ocrx_word' id='word_1_102' title='bbox 233 2044 316 2104; x_wconf 84' lang='lat' dir='ltr'>tatus</span> <span class='ocrx_word' id='word_1_103' title='bbox 339 2046 387 2104; x_wconf 85' lang='lat' dir='ltr'>est</span> <span class='ocrx_word' id='word_1_104' title='bbox 408 2061 512 2125; x_wconf 90' lang='lat' dir='ltr'>neque</span> <span class='ocrx_word' id='word_1_105' title='bbox 540 2044 663 2124; x_wconf 88' lang='lat' dir='ltr'>primus</span> <span class='ocrx_word' id='word_1_106' title='bbox 685 2043 886 2123; x_wconf 80' lang='lat' dir='ltr'>homonymis</span> <span class='ocrx_word' id='word_1_107' title='bbox 909 2044 1141 2126; x_wconf 81' lang='lat' dir='ltr'>distinguendis</span> <span class='ocrx_word' id='word_1_108' title='bbox 1165 2063 1290 2125; x_wconf 88' lang='lat' dir='ltr'>operam</span> <span class='ocrx_word' id='word_1_109' title='bbox 1312 2045 1368 2106; x_wconf 89' lang='lat' dir='ltr'>de-</span> 
     </span>
     <span class='ocr_line' id='line_1_15' title="bbox 234 2159 1365 2244; baseline 0.003 -21"><span class='ocrx_word' id='word_1_110' title='bbox 234 2161 286 2223; x_wconf 91' lang='lat' dir='ltr'>dit.</span> <span class='ocrx_word' id='word_1_111' title='bbox 332 2159 432 2223; x_wconf 89' lang='lat' dir='ltr'>immo</span> <span class='ocrx_word' id='word_1_112' title='bbox 459 2181 533 2223; x_wconf 85' lang='lat' dir='ltr'>vero</span> <span class='ocrx_word' id='word_1_113' title='bbox 561 2163 625 2223; x_wconf 91' lang='lat' dir='ltr'>iam</span> <span class='ocrx_word' id='word_1_114' title='bbox 648 2166 719 2224; x_wconf 84' lang='lat' dir='ltr'>ante</span> <span class='ocrx_word' id='word_1_115' title='bbox 742 2181 816 2222; x_wconf 91' lang='lat' dir='ltr'>eum</span> <span class='ocrx_word' id='word_1_116' title='bbox 839 2165 985 2243; x_wconf 89' lang='lat' dir='ltr'>quattuor</span> <span class='ocrx_word' id='word_1_117' title='bbox 1005 2163 1205 2244; x_wconf 86' lang='lat' dir='ltr'>Ephyrarum</span> <span class='ocrx_word' id='word_1_118' title='bbox 1227 2164 1365 2226; x_wconf 90' lang='lat' dir='ltr'>indicem</span> 
     </span>
     <span class='ocr_line' id='line_1_16' title="bbox 234 2272 1368 2366; baseline -0.001 -24"><span class='ocrx_word' id='word_1_119' title='bbox 234 2281 393 2360; x_wconf 75' lang='lat' dir='ltr'>ertit-isse,</span> <span class='ocrx_word' id='word_1_120' title='bbox 424 2279 468 2342; x_wconf 73' lang='lat' dir='ltr'>eri</span> <span class='ocrx_word' id='word_1_121' title='bbox 493 2280 610 2342; x_wconf 87' lang='lat' dir='ltr'>scholio</span> <span class='ocrx_word' id='word_1_122' title='bbox 636 2279 667 2342; x_wconf 91' lang='lat' dir='ltr'>N</span> <span class='ocrx_word' id='word_1_123' title='bbox 689 2281 747 2342; x_wconf 86' lang='lat'>301</span> <span class='ocrx_word' id='word_1_124' title='bbox 780 2285 922 2363; x_wconf 92' lang='lat' dir='ltr'>apparet:</span> <span class='ocrx_word' id='word_1_125' title='bbox 954 2278 1072 2342; x_wconf 83' lang='grc' dir='ltr'>Ἰστέον</span> <span class='ocrx_word' id='word_1_126' title='bbox 1102 2272 1136 2341; x_wconf 79' lang='grc' dir='ltr'>δὲ</span> <span class='ocrx_word' id='word_1_127' title='bbox 1163 2279 1211 2343; x_wconf 86' lang='grc' dir='ltr'>ὅτι</span> <span class='ocrx_word' id='word_1_128' title='bbox 1235 2275 1368 2366; x_wconf 82' lang='grc' dir='ltr'>Ἔφυραι</span> 
     </span>
     <span class='ocr_line' id='line_1_17' title="bbox 233 2366 1369 2484; baseline 0.003 -26"><span class='ocrx_word' id='word_1_129' title='bbox 233 2396 374 2483; x_wconf 84' lang='grc' dir='ltr'>τέσσαρές</span> <span class='ocrx_word' id='word_1_130' title='bbox 395 2366 457 2476; x_wconf 81' lang='grc' dir='ltr'>εἰσι,</span> <span class='ocrx_word' id='word_1_131' title='bbox 481 2398 533 2483; x_wconf 90' lang='grc' dir='ltr'>μία</span> <span class='ocrx_word' id='word_1_132' title='bbox 555 2396 608 2482; x_wconf 87' lang='grc' dir='ltr'>μὲν</span> <span class='ocrx_word' id='word_1_133' title='bbox 628 2392 648 2467; x_wconf 77' lang='grc' dir='ltr'>ἡ</span> <span class='ocrx_word' id='word_1_134' title='bbox 669 2392 748 2458; x_wconf 78' lang='grc' dir='ltr'>κατὰ</span> <span class='ocrx_word' id='word_1_135' title='bbox 774 2397 949 2477; x_wconf 77' lang='grc' dir='ltr'>Θεσσαλίαν,</span> <span class='ocrx_word' id='word_1_136' title='bbox 971 2391 1096 2484; x_wconf 74' lang='grc' dir='ltr'>δευτέρα</span> <span class='ocrx_word' id='word_1_137' title='bbox 1119 2391 1191 2468; x_wconf 71' lang='grc' dir='ltr'>δεῇ</span> <span class='ocrx_word' id='word_1_138' title='bbox 1214 2393 1294 2460; x_wconf 76' lang='grc' dir='ltr'>κατὰ</span> <span class='ocrx_word' id='word_1_139' title='bbox 1313 2395 1369 2468; x_wconf 72' lang='grc' dir='ltr'>τὴν</span> 
     </span>
     <span class='ocr_line' id='line_1_18' title="bbox 228 2509 1370 2605; baseline 0.001 -25"><span class='ocrx_word' id='word_1_140' title='bbox 228 2512 385 2603; x_wconf 84' lang='grc' dir='ltr'>Ἤπειρον,</span> <span class='ocrx_word' id='word_1_141' title='bbox 414 2519 498 2603; x_wconf 84' lang='grc' dir='ltr'>τρίτη</span> <span class='ocrx_word' id='word_1_142' title='bbox 521 2510 555 2578; x_wconf 74' lang='grc' dir='ltr'>δὲ</span> <span class='ocrx_word' id='word_1_143' title='bbox 583 2512 602 2587; x_wconf 79' lang='grc' dir='ltr'>ἡ</span> <span class='ocrx_word' id='word_1_144' title='bbox 624 2524 679 2591; x_wconf 76' lang='grc' dir='ltr'>τῆς</span> <span class='ocrx_word' id='word_1_145' title='bbox 703 2510 832 2591; x_wconf 73' lang='grc' dir='ltr'>Ἤλιδος</span> <span class='ocrx_word' id='word_1_146' title='bbox 853 2520 902 2580; x_wconf 90' lang='grc' dir='ltr'>καὶ</span> <span class='ocrx_word' id='word_1_147' title='bbox 929 2509 1060 2605; x_wconf 76' lang='grc' dir='ltr'>τετάρτη</span> <span class='ocrx_word' id='word_1_148' title='bbox 1088 2513 1106 2587; x_wconf 76' lang='grc' dir='ltr'>ἠ</span> <span class='ocrx_word' id='word_1_149' title='bbox 1129 2523 1177 2580; x_wconf 83' lang='grc' dir='ltr'>νῦν</span> <span class='ocrx_word' id='word_1_150' title='bbox 1199 2518 1370 2604; x_wconf 81' lang='grc' dir='ltr'>καλουμένη</span> 
     </span>
     <span class='ocr_line' id='line_1_19' title="bbox 235 2628 1368 2723; baseline -0.001 -24"><span class='ocrx_word' id='word_1_151' title='bbox 235 2628 390 2722; x_wconf 73' lang='grc' dir='ltr'>Κόρινθος.</span> <span class='ocrx_word' id='word_1_152' title='bbox 412 2642 460 2698; x_wconf 84' lang='grc' dir='ltr'>νῦν</span> <span class='ocrx_word' id='word_1_153' title='bbox 482 2630 532 2699; x_wconf 81' lang='grc' dir='ltr'>οὖν</span> <span class='ocrx_word' id='word_1_154' title='bbox 547 2637 631 2722; x_wconf 76' lang='grc' dir='ltr'>λέγει</span> <span class='ocrx_word' id='word_1_155' title='bbox 655 2632 725 2710; x_wconf 84' lang='grc' dir='ltr'>τοὺς</span> <span class='ocrx_word' id='word_1_156' title='bbox 745 2637 947 2722; x_wconf 84' lang='grc' dir='ltr'>καλουμένους</span> <span class='ocrx_word' id='word_1_157' title='bbox 969 2639 1209 2723; x_wconf 63' lang='grc' dir='ltr'>Κραννουνίουςῑ)</span> <span class='ocrx_word' id='word_1_158' title='bbox 1238 2638 1267 2697; x_wconf 80' lang='grc' dir='ltr'>ἐν</span> <span class='ocrx_word' id='word_1_159' title='bbox 1290 2637 1368 2699; x_wconf 87' lang='grc' dir='ltr'>Θεσ-</span> 
     </span>
     <span class='ocr_line' id='line_1_20' title="bbox 235 2747 1366 2842; baseline 0.004 -26"><span class='ocrx_word' id='word_1_160' title='bbox 235 2757 333 2837; x_wconf 78' lang='grc' dir='ltr'>σαλίᾳ,</span> <span class='ocrx_word' id='word_1_161' title='bbox 356 2750 396 2828; x_wconf 82' lang='grc' dir='ltr'>ὡς</span> <span class='ocrx_word' id='word_1_162' title='bbox 415 2747 640 2842; x_wconf 73' lang='grc' dir='ltr'>Ἀπολλόδωρος</span> <span class='ocrx_word' id='word_1_163' title='bbox 661 2763 777 2841; x_wconf 83' lang='grc' dir='ltr'>ἱστορεῖ.</span> <span class='ocrx_word' id='word_1_164' title='bbox 816 2757 876 2819; x_wconf 85' lang='lat' dir='ltr'>coi</span> <span class='ocrx_word' id='word_1_165' title='bbox 890 2757 949 2818; x_wconf 91' lang='lat' dir='ltr'>hoc</span> <span class='ocrx_word' id='word_1_166' title='bbox 965 2757 1105 2819; x_wconf 83' lang='lat' dir='ltr'>scholion</span> <span class='ocrx_word' id='word_1_167' title='bbox 1121 2755 1366 2820; x_wconf 87' lang='lat' dir='ltr'>adscribendum</span> 
     </span>
     <span class='ocr_line' id='line_1_21' title="bbox 233 2873 1367 2959; baseline 0.001 -22"><span class='ocrx_word' id='word_1_168' title='bbox 233 2878 284 2956; x_wconf 73' lang='lat' dir='ltr'>sit,</span> <span class='ocrx_word' id='word_1_169' title='bbox 305 2874 440 2938; x_wconf 91' lang='lat' dir='ltr'>dubitari</span> <span class='ocrx_word' id='word_1_170' title='bbox 455 2878 575 2959; x_wconf 81' lang='lat' dir='ltr'>nequit,</span> <span class='ocrx_word' id='word_1_171' title='bbox 603 2895 675 2937; x_wconf 89' lang='lat' dir='ltr'>oum</span> <span class='ocrx_word' id='word_1_172' title='bbox 697 2878 855 2937; x_wconf 87' lang='lat' dir='ltr'>auctorat</span> <span class='ocrx_word' id='word_1_173' title='bbox 877 2877 946 2954; x_wconf 91' lang='lat' dir='ltr'>ipse</span> <span class='ocrx_word' id='word_1_174' title='bbox 968 2875 1081 2935; x_wconf 83' lang='lat' dir='ltr'>citetur</span> <span class='ocrx_word' id='word_1_175' title='bbox 1103 2877 1133 2935; x_wconf 90' lang='lat' dir='ltr'>et</span> <span class='ocrx_word' id='word_1_176' title='bbox 1154 2873 1302 2937; x_wconf 84' lang='lat' dir='ltr'>facillime</span> <span class='ocrx_word' id='word_1_177' title='bbox 1324 2894 1367 2938; x_wconf 84' lang='lat' dir='ltr'>ex</span> 
     </span>
     <span class='ocr_line' id='line_1_22' title="bbox 232 2990 1368 3077; baseline 0 -20"><span class='ocrx_word' id='word_1_178' title='bbox 232 2993 386 3061; x_wconf 80' lang='lat' dir='ltr'>Strabone</span> <span class='ocrx_word' id='word_1_179' title='bbox 408 2995 512 3077; x_wconf 85' lang='lat' dir='ltr'>colligi</span> <span class='ocrx_word' id='word_1_180' title='bbox 533 2996 642 3076; x_wconf 88' lang='lat' dir='ltr'>possit.</span> <span class='ocrx_word' id='word_1_181' title='bbox 678 2991 710 3054; x_wconf 89' lang='lat' dir='ltr'>Is</span> <span class='ocrx_word' id='word_1_182' title='bbox 728 2994 814 3055; x_wconf 92' lang='lat' dir='ltr'>enim</span> <span class='ocrx_word' id='word_1_183' title='bbox 825 2990 904 3052; x_wconf 83' lang='lat' dir='ltr'>Vlll</span> <span class='ocrx_word' id='word_1_184' title='bbox 927 2993 998 3074; x_wconf 85' lang='lat'>338,</span> <span class='ocrx_word' id='word_1_185' title='bbox 1022 3012 1085 3075; x_wconf 88' lang='lat' dir='ltr'>quo</span> <span class='ocrx_word' id='word_1_186' title='bbox 1111 2994 1146 3054; x_wconf 92' lang='lat' dir='ltr'>in</span> <span class='ocrx_word' id='word_1_187' title='bbox 1167 2992 1246 3056; x_wconf 92' lang='lat' dir='ltr'>libro</span> <span class='ocrx_word' id='word_1_188' title='bbox 1271 2994 1368 3077; x_wconf 85' lang='lat' dir='ltr'>Apol-</span> 
     </span>
    </p>
   </div>
   <div class='ocr_carea' id='block_1_3' title="bbox 231 3086 1360 3197">
    <p class='ocr_par' dir='ltr' id='par_1_4' title="bbox 231 3086 1360 3197">
     <span class='ocr_line' id='line_1_23' title="bbox 231 3086 1360 3197; baseline -0.005 -20"><span class='ocrx_word' id='word_1_189' title='bbox 231 3086 376 3178; x_wconf 87' lang='lat' dir='ltr'>lodorum</span> <span class='ocrx_word' id='word_1_190' title='bbox 399 3116 548 3197; x_wconf 81' lang='lat' dir='ltr'>excerpit,</span> <span class='ocrx_word' id='word_1_191' title='bbox 569 3113 697 3175; x_wconf 90' lang='lat' dir='ltr'>easdem</span> <span class='ocrx_word' id='word_1_192' title='bbox 719 3112 879 3192; x_wconf 87' lang='lat' dir='ltr'>componit</span> <span class='ocrx_word' id='word_1_193' title='bbox 895 3111 1039 3195; x_wconf 89' lang='lat' dir='ltr'>Ephyras</span> <span class='ocrx_word' id='word_1_194' title='bbox 1061 3112 1148 3175; x_wconf 88' lang='lat' dir='ltr'>hisee</span> <span class='ocrx_word' id='word_1_195' title='bbox 1170 3112 1294 3174; x_wconf 86' lang='lat' dir='ltr'>verbis:</span> <span class='ocrx_word' id='word_1_196' title='bbox 1317 3109 1360 3194; x_wconf 80' lang='grc' dir='ltr'>ἐφ’</span> 
     </span>
    </p>
   </div>
   <div class='ocr_carea' id='block_1_4' title="bbox 229 3221 1367 4028">
    <p class='ocr_par' dir='ltr' id='par_1_5' title="bbox 229 3221 1367 4028">
     <span class='ocr_line' id='line_1_24' title="bbox 232 3221 1366 3316; baseline -0.005 -20"><span class='ocrx_word' id='word_1_197' title='bbox 232 3236 257 3315; x_wconf 82' lang='grc' dir='ltr'><strong>ᾠ</strong></span> <span class='ocrx_word' id='word_1_198' title='bbox 280 3237 332 3315; x_wconf 87' lang='lat' dir='ltr'>(sc.</span> <span class='ocrx_word' id='word_1_199' title='bbox 347 3223 519 3311; x_wconf 70' lang='lat' dir='ltr'>Xehhrierrr,</span> <span class='ocrx_word' id='word_1_200' title='bbox 530 3232 631 3296; x_wconf 87' lang='lat' dir='ltr'>Elidis</span> <span class='ocrx_word' id='word_1_201' title='bbox 642 3231 780 3309; x_wconf 84' lang='lat' dir='ltr'>flumini)</span> <span class='ocrx_word' id='word_1_202' title='bbox 798 3223 918 3316; x_wconf 85' lang='grc' dir='ltr'>Ἔφυρα</span> <span class='ocrx_word' id='word_1_203' title='bbox 933 3221 1028 3312; x_wconf 77' lang='grc' dir='ltr'>πόλις,</span> <span class='ocrx_word' id='word_1_204' title='bbox 1050 3229 1137 3316; x_wconf 84' lang='grc' dir='ltr'>ἑτέρα</span> <span class='ocrx_word' id='word_1_205' title='bbox 1151 3234 1205 3301; x_wconf 73' lang='grc' dir='ltr'>τῆς</span> <span class='ocrx_word' id='word_1_206' title='bbox 1220 3228 1366 3315; x_wconf 83' lang='grc' dir='ltr'>Θεσπρω-</span> 
     </span>
     <span class='ocr_line' id='line_1_25' title="bbox 231 3340 1365 3434; baseline -0.004 -20"><span class='ocrx_word' id='word_1_207' title='bbox 231 3359 317 3426; x_wconf 82' lang='grc' dir='ltr'>τικῆς</span> <span class='ocrx_word' id='word_1_208' title='bbox 338 3355 388 3415; x_wconf 86' lang='grc' dir='ltr'>καὶ</span> <span class='ocrx_word' id='word_1_209' title='bbox 411 3351 600 3422; x_wconf 75' lang='grc' dir='ltr'>Θετταλικῆς</span> <span class='ocrx_word' id='word_1_210' title='bbox 620 3350 670 3410; x_wconf 87' lang='grc' dir='ltr'>καὶ</span> <span class='ocrx_word' id='word_1_211' title='bbox 691 3353 746 3422; x_wconf 79' lang='grc' dir='ltr'>τῆς</span> <span class='ocrx_word' id='word_1_212' title='bbox 768 3349 929 3434; x_wconf 71' lang='grc' dir='ltr'>Κορίνθου,</span> <span class='ocrx_word' id='word_1_213' title='bbox 951 3340 1082 3433; x_wconf 82' lang='grc' dir='ltr'>τετάρτη</span> <span class='ocrx_word' id='word_1_214' title='bbox 1104 3368 1149 3420; x_wconf 89' lang='grc' dir='ltr'>τις</span> <span class='ocrx_word' id='word_1_215' title='bbox 1171 3348 1218 3409; x_wconf 80' lang='grc' dir='ltr'>ἐπὶ</span> <span class='ocrx_word' id='word_1_216' title='bbox 1239 3353 1278 3428; x_wconf 67' lang='grc' dir='ltr'>τῇ</span> <span class='ocrx_word' id='word_1_217' title='bbox 1301 3341 1365 3428; x_wconf 81' lang='grc' dir='ltr'>ὁδῷ</span> 
     </span>
     <span class='ocr_line' id='line_1_26' title="bbox 232 3457 1367 3558; baseline -0.005 -25"><span class='ocrx_word' id='word_1_218' title='bbox 232 3472 350 3558; x_wconf 75' lang='grc' dir='ltr'>κειμένη</span> <span class='ocrx_word' id='word_1_219' title='bbox 377 3476 415 3552; x_wconf 71' lang='grc' dir='ltr'>τῇ</span> <span class='ocrx_word' id='word_1_220' title='bbox 448 3471 494 3530; x_wconf 85' lang='grc' dir='ltr'>ἐπὶ</span> <span class='ocrx_word' id='word_1_221' title='bbox 520 3462 573 3529; x_wconf 81' lang='grc' dir='ltr'>τὸν</span> <span class='ocrx_word' id='word_1_222' title='bbox 599 3466 756 3544; x_wconf 85' lang='grc' dir='ltr'>Λασίωνα,</span> <span class='ocrx_word' id='word_1_223' title='bbox 793 3460 863 3535; x_wconf 76' lang='grc' dir='ltr'>ἤτοι</span> <span class='ocrx_word' id='word_1_224' title='bbox 886 3461 905 3526; x_wconf 73' lang='lat' dir='ltr'>i</span> <span class='ocrx_word' id='word_1_225' title='bbox 938 3460 1014 3534; x_wconf 72' lang='lat' dir='ltr'>obri.</span> <span class='ocrx_word' id='word_1_226' title='bbox 1044 3457 1120 3526; x_wconf 84' lang='grc' dir='ltr'>οὖσα</span> <span class='ocrx_word' id='word_1_227' title='bbox 1146 3470 1185 3547; x_wconf 69' lang='grc' dir='ltr'>τῇ</span> <span class='ocrx_word' id='word_1_228' title='bbox 1220 3457 1367 3546; x_wconf 74' lang='grc' dir='ltr'>Βοιωνιία</span> 
     </span>
     <span class='ocr_line' id='line_1_27' title="bbox 231 3575 1364 3677; baseline -0.004 -24"><span class='ocrx_word' id='word_1_229' title='bbox 231 3587 298 3675; x_wconf 77' lang='grc' dir='ltr'>(τὴν</span> <span class='ocrx_word' id='word_1_230' title='bbox 324 3585 380 3677; x_wconf 78' lang='grc' dir='ltr'>γὰρ</span> <span class='ocrx_word' id='word_1_231' title='bbox 410 3578 514 3656; x_wconf 78' lang='grc' dir='ltr'>Οἰνόην</span> <span class='ocrx_word' id='word_1_232' title='bbox 538 3583 618 3647; x_wconf 82' lang='grc' dir='ltr'>οὕτω</span> <span class='ocrx_word' id='word_1_233' title='bbox 647 3589 747 3646; x_wconf 88' lang='grc' dir='ltr'>καλεῖν</span> <span class='ocrx_word' id='word_1_234' title='bbox 776 3575 929 3664; x_wconf 74' lang='grc' dir='ltr'>εἰώθασιν)</span> <span class='ocrx_word' id='word_1_235' title='bbox 956 3579 976 3654; x_wconf 75' lang='grc' dir='ltr'><strong>ἢ</strong></span> <span class='ocrx_word' id='word_1_236' title='bbox 1005 3585 1128 3654; x_wconf 83' lang='grc' dir='ltr'>πλησίον</span> <span class='ocrx_word' id='word_1_237' title='bbox 1150 3585 1268 3658; x_wconf 80' lang='grc' dir='ltr'>ἐκείνης.</span> <span class='ocrx_word' id='word_1_238' title='bbox 1312 3586 1364 3648; x_wconf 85' lang='lat' dir='ltr'>Ex</span> 
     </span>
     <span class='ocr_line' id='line_1_28' title="bbox 230 3694 1366 3794; baseline -0.009 -18"><span class='ocrx_word' id='word_1_239' title='bbox 230 3711 415 3794; x_wconf 85' lang='lat' dir='ltr'>Apollodori</span> <span class='ocrx_word' id='word_1_240' title='bbox 436 3708 532 3790; x_wconf 88' lang='lat' dir='ltr'>igitur</span> <span class='ocrx_word' id='word_1_241' title='bbox 555 3723 657 3787; x_wconf 84' lang='lat' dir='ltr'>opere,</span> <span class='ocrx_word' id='word_1_242' title='bbox 680 3704 764 3788; x_wconf 91' lang='lat' dir='ltr'>quod</span> <span class='ocrx_word' id='word_1_243' title='bbox 779 3705 866 3767; x_wconf 81' lang='grc' dir='ltr'>Νεῶν</span> <span class='ocrx_word' id='word_1_244' title='bbox 888 3694 1059 3790; x_wconf 74' lang='grc' dir='ltr'>κατάλογος</span> <span class='ocrx_word' id='word_1_245' title='bbox 1078 3706 1266 3787; x_wconf 84' lang='lat' dir='ltr'>inscriptum</span> <span class='ocrx_word' id='word_1_246' title='bbox 1288 3708 1366 3785; x_wconf 84' lang='lat' dir='ltr'>erat,</span> 
     </span>
     <span class='ocr_line' id='line_1_29' title="bbox 230 3823 1363 3914; baseline -0.009 -21"><span class='ocrx_word' id='word_1_247' title='bbox 230 3829 461 3914; x_wconf 90' lang='lat' dir='ltr'>Epaphroditus</span> <span class='ocrx_word' id='word_1_248' title='bbox 491 3831 636 3909; x_wconf 90' lang='lat' dir='ltr'>quattuor</span> <span class='ocrx_word' id='word_1_249' title='bbox 666 3825 809 3908; x_wconf 82' lang='lat' dir='ltr'>Ephyres</span> <span class='ocrx_word' id='word_1_250' title='bbox 841 3826 940 3907; x_wconf 86' lang='lat' dir='ltr'>petiit,</span> <span class='ocrx_word' id='word_1_251' title='bbox 962 3827 1033 3907; x_wconf 89' lang='lat' dir='ltr'>ipse</span> <span class='ocrx_word' id='word_1_252' title='bbox 1059 3826 1202 3906; x_wconf 89' lang='lat' dir='ltr'>quintam</span> <span class='ocrx_word' id='word_1_253' title='bbox 1223 3823 1363 3884; x_wconf 89' lang='lat' dir='ltr'>insulam</span> 
     </span>
     <span class='ocr_line' id='line_1_30' title="bbox 229 3940 1363 4028; baseline -0.009 -16"><span class='ocrx_word' id='word_1_254' title='bbox 229 3949 317 4012; x_wconf 91' lang='lat' dir='ltr'>illam</span> <span class='ocrx_word' id='word_1_255' title='bbox 339 3945 464 4010; x_wconf 91' lang='lat' dir='ltr'>addidit.</span> <span class='ocrx_word' id='word_1_256' title='bbox 509 3943 570 4008; x_wconf 85' lang='lat' dir='ltr'>Sed</span> <span class='ocrx_word' id='word_1_257' title='bbox 592 3947 697 4028; x_wconf 90' lang='lat' dir='ltr'>ipsum</span> <span class='ocrx_word' id='word_1_258' title='bbox 717 3944 901 4028; x_wconf 85' lang='lat' dir='ltr'>Apollodori</span> <span class='ocrx_word' id='word_1_259' title='bbox 922 3942 1099 4025; x_wconf 89' lang='lat' dir='ltr'>catalogum</span> <span class='ocrx_word' id='word_1_260' title='bbox 1113 3940 1363 4024; x_wconf 87' lang='lat' dir='ltr'>Epaphroditum</span> 
     </span>
    </p>
   </div>
   <div class='ocr_carea' id='block_1_5' title="bbox 229 4111 439 4121">
    <p class='ocr_par' dir='ltr' id='par_1_6' title="bbox 229 4111 439 4121">
     <span class='ocr_line' id='line_1_31' title="bbox 229 4111 439 4121; baseline -0.019 0"><span class='ocrx_word' id='word_1_261' title='bbox 229 4111 439 4121; x_wconf 71' lang='lat'>-—-....-—·—--</span> 
     </span>
    </p>
   </div>
   <div class='ocr_carea' id='block_1_6' title="bbox 229 4223 1362 4382">
    <p class='ocr_par' dir='ltr' id='par_1_7' title="bbox 229 4223 1362 4382">
     <span class='ocr_line' id='line_1_32' title="bbox 300 4223 1362 4298; baseline -0.006 -18"><span class='ocrx_word' id='word_1_262' title='bbox 300 4229 326 4292; x_wconf 89' lang='lat'>1)</span> <span class='ocrx_word' id='word_1_263' title='bbox 345 4227 383 4282; x_wconf 87' lang='lat' dir='ltr'>Ut</span> <span class='ocrx_word' id='word_1_264' title='bbox 407 4228 476 4296; x_wconf 84' lang='lat' dir='ltr'>apud</span> <span class='ocrx_word' id='word_1_265' title='bbox 499 4228 665 4296; x_wconf 86' lang='lat' dir='ltr'>Stephanum</span> <span class='ocrx_word' id='word_1_266' title='bbox 690 4229 728 4281; x_wconf 87' lang='lat' dir='ltr'>sic</span> <span class='ocrx_word' id='word_1_267' title='bbox 750 4228 833 4280; x_wconf 86' lang='lat' dir='ltr'>etiam</span> <span class='ocrx_word' id='word_1_268' title='bbox 855 4227 883 4279; x_wconf 91' lang='lat' dir='ltr'>in</span> <span class='ocrx_word' id='word_1_269' title='bbox 905 4226 957 4279; x_wconf 89' lang='lat' dir='ltr'>hoo</span> <span class='ocrx_word' id='word_1_270' title='bbox 981 4224 1083 4278; x_wconf 87' lang='lat' dir='ltr'>scholio</span> <span class='ocrx_word' id='word_1_271' title='bbox 1102 4223 1255 4298; x_wconf 78' lang='lat' dir='ltr'>Thessalica</span> <span class='ocrx_word' id='word_1_272' title='bbox 1276 4223 1362 4277; x_wconf 82' lang='lat' dir='ltr'>forma</span> 
     </span>
     <span class='ocr_line' id='line_1_33' title="bbox 229 4309 1308 4382; baseline -0.005 -15"><span class='ocrx_word' id='word_1_273' title='bbox 229 4313 395 4368; x_wconf 84' lang='lat' dir='ltr'>restituenda</span> <span class='ocrx_word' id='word_1_274' title='bbox 413 4317 461 4377; x_wconf 83' lang='lat' dir='ltr'>est,</span> <span class='ocrx_word' id='word_1_275' title='bbox 480 4314 556 4368; x_wconf 84' lang='lat' dir='ltr'>cuius</span> <span class='ocrx_word' id='word_1_276' title='bbox 574 4314 688 4382; x_wconf 84' lang='lat' dir='ltr'>vestigia</span> <span class='ocrx_word' id='word_1_277' title='bbox 706 4313 856 4382; x_wconf 81' lang='lat' dir='ltr'>composuit</span> <span class='ocrx_word' id='word_1_278' title='bbox 873 4312 1021 4366; x_wconf 79' lang='lat' dir='ltr'>Meinehius</span> <span class='ocrx_word' id='word_1_279' title='bbox 1039 4309 1073 4363; x_wconf 88' lang='lat' dir='ltr'>ad</span> <span class='ocrx_word' id='word_1_280' title='bbox 1092 4311 1184 4378; x_wconf 86' lang='lat' dir='ltr'>Steph.</span> <span class='ocrx_word' id='word_1_281' title='bbox 1202 4327 1228 4379; x_wconf 92' lang='lat' dir='ltr'>p.</span> <span class='ocrx_word' id='word_1_282' title='bbox 1249 4311 1308 4362; x_wconf 82' lang='lat'><strong>290.</strong></span> 
     </span>
    </p>
   </div>
   <div class='ocr_carea' id='block_1_7' title="bbox 0 0 1538 5202">
    <p class='ocr_par' dir='ltr' id='par_1_8' title="bbox 0 0 1538 5202">
     <span class='ocr_line' id='line_1_34' title="bbox 0 0 1538 5202; baseline 0 2"><span class='ocrx_word' id='word_1_283' title='bbox 0 0 1538 5202; x_wconf 95' lang='lat' dir='ltr'> </span> 
     </span>
    </p>
   </div>
  </div>
 </body>
</html>
