3068 5202
681 423 889 486 ,21-

213 617 435 697 distingueret,
457 613 537 674 hanc
567 613 670 693 ipsam
697 610 837 675 ionicam
859 611 906 672 illi
937 615 1043 672 notam
1065 608 1165 671 fuisse
1187 607 1352 670 crediderit
1395 605 1397 609 ⁴

216 752 350 796 necesse
366 738 422 795 est.
468 731 516 794 De
532 752 595 814 qua
614 731 825 812 explicatione
841 730 917 811 quid
934 727 1043 792 Strabo
1065 730 1225 790 censuerit
1245 748 1286 791 ex
1301 729 1351 790 his

215 853 325 915 verbis
347 852 381 914 X
407 853 468 914 457
496 869 682 932 cognoscas:
718 849 816 910 Καλεῒ
846 839 880 908 δὲ
901 841 916 908 ὁ
940 842 1064 920 ποιητὴς
1090 838 1194 933 Σάμον
1227 849 1276 908 καὶ
1297 840 1353 907 τίν

217 974 476 1059 &gesticulantes
505 971 543 1034 de
572 969 794 1051 Cephallenica
823 969 942 1030 dictum
965 971 1040 1049 est),
1061 964 1097 1035 ἢν
1119 971 1166 1028 νῦν
1188 956 1353 1052 Σαμοθρᾴ-

219 1115 274 1162 κην
296 1094 454 1175 καλοῦμεν.
498 1084 553 1158 τὴν
576 1081 610 1150 δὲ
630 1081 767 1155 Ἰωνικὴν
790 1079 851 1149 οἶδε
874 1085 934 1171 μὲν,
959 1081 998 1160 ὡς
1021 1077 1109 1159 εἰκός·
1144 1088 1194 1148 καὶ
1220 1080 1276 1170 γὰρ
1299 1079 1354 1153 τὴν

214 1205 354 1279 Ἰωνικὴν
385 1208 522 1272 ἀποικίαν
547 1201 655 1271 εἰδέναι
682 1206 825 1291 φαίνεται.
870 1203 924 1267 οὐκ
953 1197 1166 1268 ἀντιδιέστειλε
1179 1207 1201 1284 1)
1232 1195 1267 1265 δὲ
1299 1197 1354 1272 τὴν

216 1325 389 1415 ὁμωνυμίαν
410 1331 473 1416 περὶ
494 1334 550 1403 τῆς
572 1317 775 1412 Σαμοθρᾴκης
795 1325 894 1411 λέγων
915 1324 989 1387 τοτὲ
1011 1323 1064 1411 μὲν
1086 1329 1131 1405 τῷ
1153 1322 1302 1403 ἐπιθέτω

302 1445 377 1535 ὑψοῦ
401 1448 442 1511 ἐπ’
471 1440 639 1535 ἀκροτάτης
661 1452 789 1533 κορυφῆς
811 1437 917 1531 Σάμου
939 1440 1092 1522 ὑληέσσης,

307 1570 457 1656 Θρηικίης

216 1687 293 1750 τοτὲ
315 1680 350 1749 δὲ
370 1691 409 1768 τῇ
431 1678 552 1771 συζυγία
574 1690 636 1746 τῶν
657 1683 780 1752 πλησίον
802 1673 912 1751 νησων·

310 1810 339 1880 ἐς
361 1799 466 1892 Σάμον
488 1809 516 1880 ἔς
538 1803 562 1866 τ’
585 1799 708 1890 Ἴμβρον
731 1805 780 1864 καὶ
802 1803 921 1887 Λῆμνον
943 1791 1208 1887 ἀμιχθαλόεσσαν·

216 1929 271 1988 καὶ
289 1918 397 1988 πάλιν·

306 2036 456 2130 μεσσηγύς
481 2066 517 2105 τε
539 2034 655 2127 Σάμοιο
678 2043 728 2102 καὶ
741 2035 866 2126 Ἴμβρου
888 2037 1127 2111 παιπαλοέσσης

218 2157 289 2246 ἤδει
310 2163 364 2248 μὲν
385 2156 443 2240 οὖν,
467 2161 521 2224 οὐκ
543 2153 681 2246 ὠνόμακε
701 2153 728 2222 δ’
756 2151 860 2229 αὐτην·

221 2283 275 2345 Ex
324 2281 507 2365 Apollodori
558 2284 655 2364 igitur
700 2280 912 2364 disputatione
953 2282 1093 2361 pendent
1139 2279 1234 2342 etiam
1279 2276 1358 2338 haec

219 2405 343 2466 scholia
365 2399 477 2483 Odyss.
513 2424 533 2462 α
556 2402 634 2463 246;
667 2401 753 2487 Τρεῖς
782 2394 816 2464 δὲ
846 2396 953 2489 Σάμοι,
977 2392 1105 2479 Ἰωνικη,
1134 2388 1357 2484 Κεφαλληνικη,

223 2511 359 2606 ’Θρακίκῆ
381 2525 412 2583 et
435 2513 453 2582 δ
477 2521 555 2583 671ῑ
573 2514 666 2582 Ἔστι
689 2513 723 2582 δὲ
745 2512 848 2607 Σάμος
866 2520 992 2600 Ἰωνίας,
1015 2513 1118 2605 Σάμος
1139 2511 1265 2607 Θρᾴκης,
1296 2510 1359 2581 Σά-

222 2659 282 2725 μος
305 2640 522 2725 Κεφαλληνίας.

313 2756 400 2833 Quae
415 2777 488 2822 cum
510 2762 552 2822 ita
567 2759 631 2822 sint
651 2760 826 2840 profectum
843 2760 971 2842 quidem
986 2755 1213 2841 Apollodorum
1236 2757 1275 2820 ab
1288 2759 1362 2820 Ari-

223 2878 343 2940 starchi
366 2879 497 2958 ratione,
520 2882 704 2959 provectum
720 2883 827 2941 tamen
841 2880 970 2962 longius
985 2897 1057 2941 esse
1073 2882 1210 2961 apparet.
1248 2875 1361 2959 Neque

224 2995 286 3058 hoc
318 2997 488 3078 miramur,
523 2999 550 3059 si
580 2999 768 3080 respicimus
800 3001 963 3081 proprium
994 3000 1160 3081 utriusque
1193 2995 1361 3060 consilium

222 3119 322 3198 atque
344 3117 549 3199 propositum.
596 3119 797 3181 Aristarchus
820 3121 906 3181 enim
928 3119 959 3182 id
983 3118 1109 3201 agebat,
1137 3122 1173 3180 ut
1193 3111 1362 3202 ὁμωνυμίας
1465 3145 1469 3152 -

222 3236 466 3318 geographicae,
489 3255 571 3318 quae
593 3236 677 3318 apud
695 3239 802 3318 ipsum
819 3240 946 3318 poetam
965 3237 1165 3319 reperiuntur
1188 3227 1309 3299 notaret
1331 3237 1362 3297 et

223 3353 454 3438 distingueret,
488 3355 700 3436 Apollodorus
727 3325 834 3418 contra
865 3355 977 3418 studiis
1013 3352 1229 3438 geographicis
1262 3353 1361 3416 nixus

228 3471 406 3536 Homerum
426 3476 470 3537 ita
491 3476 760 3558 interpretandum
782 3476 843 3538 sibi
866 3477 1012 3557 sumpsit,
1034 3477 1068 3538 ut
1086 3473 1171 3557 quod
1194 3468 1363 3559 ὁμωνυμίας

226 3595 351 3674 attinet,
373 3593 441 3656 loca
463 3595 558 3656 etiam
575 3594 613 3657 ab
637 3595 707 3657 aliis
729 3594 933 3677 scriptoribus
947 3595 1189 3658 commemorata
1203 3593 1364 3677 colligeret

304 3849 329 3912 1)
349 3849 395 3902 Sic
411 3847 579 3902 scribendum
597 3852 646 3904 eat.
678 3851 748 3904 Male
763 3851 834 3904 enirn
847 3850 962 3904 editores
974 3849 1135 3918 scripturam
1147 3847 1222 3902 libris
1234 3845 1363 3902 traditam

230 3933 409 3988 turbaverunt
427 3934 519 3988 addita
537 3937 670 4004 particula
687 3932 727 3990 dv.
763 3937 872 3990 Etenim
886 3936 982 3992 Strabo
999 3937 1041 3989 loe
1057 3936 1115 3989 loeo
1133 3951 1187 3988 non
1204 3936 1285 3988 refert
1302 3937 1364 3989 tan-¹

231 4019 372 4073 tnmmodo
390 4022 545 4089 Apollodori
563 4023 823 4088 commentationem,
849 4023 895 4076 aed
912 4023 952 4076 ita
970 4021 1120 4092 impugnat,
1146 4025 1178 4075 ut
1193 4024 1286 4074 notam
1306 4022 1365 4091 qui·

228 4103 293 4158 dum
318 4107 401 4160 fnisse
431 4111 525 4176 poetae
549 4109 670 4162 Ionicum
694 4109 804 4163 Samum
826 4112 883 4180 ipse
906 4109 1046 4173 concedat,
1077 4105 1277 4162 distinctionem
1301 4125 1363 4162 vero

229 4189 309 4244 illam
325 4195 413 4261 neget.
450 4193 491 4254 Cf.
502 4211 568 4264 quae
586 4196 796 4264 subsequuntur:
815 4194 868 4252 οὐδ
889 4197 1007 4251 ἐκαλεῖτο
1025 4194 1061 4262 τῷ
1079 4191 1152 4260 αὐτῷ
1169 4189 1282 4263 ὀνόματι
1299 4193 1366 4263 aad·

234 4297 312 4346 τερον
329 4280 385 4334 κτλ
