3068 5202
682 447 891 507 -14-

220 619 421 705 Ἰριρυλιακῆς
443 616 598 687 Πύλου
572 649 643 688 ειναι
672 625 725 692 τὸν
753 629 838 692 Nica
826 655 912 765 ιιορα,
931 635 1005 694 ἔνθα
1028 635 1078 696 καὶ
1101 627 1259 720 'ligantiam
1287 637 1350 697 ἐστὶ

218 734 355 824 ποταμὸς
378 739 447 803 καθ’
466 739 609 830 Ὅμηρον.

302 860 411 923 uxr
375 861 536 944 Stephano
565 866 658 930 hodie
690 869 770 931 nihil
797 871 861 932 nisi
889 871 1050 940 misellum
1080 877 1267 1000 excerptum
1289 875 1349 937 hoc

293 971 469 1054 ίεΙΙιίλος
471 973 586 1058 ,πόλις
609 984 639 1043 ἐν
662 976 810 1066 Μεσσήνῃ.
855 987 992 1050 ἐκαλεῖτο
1016 979 1050 1049 δὲ
1077 989 1140 1073 Kop
1127 979 1273 1074 ρυροίοιον.
1310 983 1347 1052 τὸ

217 1092 336 1158 stranda
357 1088 473 1172 Πυλιος
493 1101 544 1162 καὶ
565 1101 579 1162 Ι
584 1101 709 1175 Ιυλαῖο
741 1103 864 1188 λέγεται
883 1107 933 1167 καὶ
955 1103 1131 1192 ἀρσενικῶς,
1163 1107 1229 1192 τρία
1252 1109 1347 1169 τοίνυν

216 1209 323 1276 ἐθνικοί
344 1207 467 1296 Πύλιος,
490 1220 633 1298 Πυλοιῒος,
657 1222 789 1283 Πυλίων
832 1224 979 1287 Eundem
1003 1245 1077 1291 vero
1100 1228 1194 1289 etiem
1214 1227 1345 1290 aliarum

216 1331 367 1414 Pylorum
389 1339 572 1401 mentionen
594 1339 709 1403 fecisse
727 1340 912 1405 Eustathius
942 1345 980 1406 ad
1011 1343 1050 1414 Β,
1070 1346 1128 1407 591
1157 1366 1186 1428 p.
1212 1347 1283 1426 296,
1305 1347 1344 1407 27

216 1452 308 1515 nobis
330 1454 432 1536 prodit
452 1455 501 1518 his
520 1456 642 1519 verbis:
687 1449 788 1520 Πυλοι
810 1451 845 1520 δὲ
875 1470 951 1545 τρεῖς
980 1457 1062 1521 κατὰ
1089 1455 1141 1523 τὸν
1170 1455 1210 1521 τὰ
1241 1457 1345 1524 ἐθνικοί

216 1561 385 1655 γράψαντα,
419 1571 600 1652 Μεσσηνίας
630 1575 799 1661 Τριφυλίας,
824 1569 995 1662 Ἀρκαδίας,
1026 1600 1107 1662 quae
1133 1599 1175 1642 ex
1193 1582 1344 1664 ampliore

217 1687 368 1771 Stephani
391 1692 565 1773 exemplari
591 1697 776 1777 transcripta
797 1701 879 1759 sunt
921 1697 1113 1782 Ubicunque
1144 1701 1229 1763 enim
1251 1700 1289 1762 ab
1305 1720 1343 1765 eo

215 1801 402 1895 ἐθνογράρος
431 1815 623 1875 memoratur
649 1812 842 1897 StephanuS,
881 1808 1056 1902 γεωγροίρος
1085 1817 1194 1882 Strabo
1221 1820 1344 1884 intelle·

215 1929 339 2013 gendos
361 1933 417 1992 est.

298 2044 367 2108 lam
388 2066 462 2111 vero
483 2054 650 2133 postquam
671 2052 815 2135 pluribus
832 2054 988 2134 exemplis
1004 2057 1188 2136 monstravi,
1201 2077 1342 2138 quanam

214 2167 336 2232 ratione
357 2168 437 2230 tales
459 2169 580 2232 indices
600 2175 746 2254 componi
774 2175 883 2255 augeri
911 2176 1039 2258 excerpi
1069 2177 1222 2258 solerent,
1244 2196 1343 2259 pauca

212 2284 254 2347 rle
275 2285 410 2367 singulis
435 2307 516 2368 quos
536 2291 700 2352 nominavi
721 2293 933 2374 grammaticis
955 2293 1067 2355 addam
1090 2298 1121 2356 et
1142 2296 1185 2356 ita
1202 2295 1340 2376 quidem,

217 2406 288 2466 uta
310 2404 481 2468 serioribns
504 2407 543 2469 ad
562 2409 682 2490 priores
701 2410 878 2472 escendam.

298 2521 578 2605 Epaphroditns
594 2532 748 2609 quantum
764 2527 922 2610 Stephano
939 2529 1195 2612 suppeditaverit,
1211 2529 1341 2595 Niesius

213 2643 248 2706 in
269 2641 350 2704 Mus.
374 2640 476 2708 anon.
501 2642 630 2708 XXXII
651 2668 681 2730 p.
705 2649 765 2710 276
788 2649 934 2730 ostendit,
956 2648 1072 2732 quibus
1094 2651 1165 2731 ipse
1192 2669 1270 2713 usus
1301 2651 1342 2712 sit

213 2764 457 2844 commentariis,
488 2763 590 2827 adhue
616 2786 727 2848 parum
759 2769 920 2850 cognitum
947 2786 1053 2849 neque
1088 2770 1164 2830 satis
1198 2773 1340 2832 accurate

212 2881 270 2943 lrac
306 2881 346 2944 de
373 2901 409 2948 re
445 2884 508 2965 egit
529 2883 735 2947 Luenznerna
764 2888 798 2947 in
827 2886 1045 2949 dissertatione
1067 2885 1245 2967 Bonnensi,
1273 2908 1342 2973 ,qua

214 2997 438 3082 „Epaphroditi
461 3003 656 3083 qrammatici
680 3023 760 3084 quae
781 3004 972 3084 supersunt“
1002 3005 1179 3086 composuit
1200 3025 1227 3067 a.
1249 3005 1338 3068 1866.

211 3116 323 3200 ltaque
344 3120 379 3181 in
399 3120 457 3182 hae
477 3139 511 3182 re
529 3120 690 3204 paulisper
711 3121 804 3184 nobis
817 3123 1077 3186 commorandum
1095 3127 1153 3185 est.
1199 3123 1341 3185 Oitantnr

211 3238 297 3320 apud
319 3235 512 3322 Stephanum
536 3259 559 3302 s.
583 3261 612 3302 u.
637 3239 742 3308 Βῆσσα
763 3243 974 3324 grammatici,
997 3243 1052 3323 qni
1075 3242 1194 3308 Βῆσοαν
1221 3239 1339 3321 duplici

213 3379 230 3418 ο
253 3359 446 3440 scripserint,
469 3359 515 3421 hi:
557 3349 782 3444 Ἀπολλόδωρος
795 3361 844 3420 καὶ
855 3350 1079 3443 Ἐπαφρόδιτος
1091 3359 1141 3418 καὶ
1152 3352 1338 3443 Ἡρακλέων.

212 3475 273 3538 Vel
295 3497 337 3539 ex
358 3478 416 3541 hoc
440 3478 557 3540 citandi
579 3497 696 3561 genere
719 3481 863 3542 conicere
885 3477 976 3539 nobis
998 3477 1072 3539 licet
1091 3477 1338 3561 Epaphroditum

211 3616 277 3662 non
310 3598 414 3660 solum
449 3597 633 3679 Apollodori
667 3599 822 3680 catalogo,
861 3615 972 3659 verum
1002 3599 1098 3661 etiam
1130 3597 1337 3664 Heracleonis

210 3718 445 3781 commentariis
467 3735 564 3779 nsum
585 3735 665 3780 esse.
710 3714 771 3778 Sed
793 3735 859 3778 non
880 3735 961 3798 opus
983 3720 1031 3779 est
1053 3719 1242 3799 coniectura,
1264 3737 1338 3780 cum

208 3853 260 3897 ros
283 3835 492 3898 demonstrari
515 3837 616 3917 possit
642 3833 837 3917 argumentis
865 3838 914 3898 sat
941 3837 1043 3898 certis.
1093 3835 1207 3897 Fuisse
1234 3855 1338 3918 gram-

208 3954 360 4018 maticum
384 3954 543 4035 quendam
567 3992 606 4000 -—
626 3945 853 4036 Apollodorum
874 3954 944 4035 ipse
968 3953 1180 4036 suspicaberis
1213 3990 1253 4000 --
1282 3956 1337 4038 qui

209 4076 358 4155 quattuor
376 4073 479 4135 sontes
500 4073 676 4136 Arethusas
698 4072 840 4153 contulit,
862 4090 904 4134 ex
927 4072 1021 4139 schol.
1040 4071 1096 4134 Od.
1119 4095 1136 4132 ν
1158 4073 1221 4138 408
1243 4073 1338 4136 disci·

209 4209 295 4256 mus:
340 4185 410 4276 Πδρ
435 4181 572 4277 Κόρακος
599 4190 707 4276 πέτρῃ·
732 4187 854 4251 'lorica
886 4182 921 4252 δὲ
952 4186 1002 4252 ὅτι
1030 4187 1204 4276 Ἀρέθουσαι
1237 4192 1337 4278 κρῆναί

208 4314 264 4370 εἰσι
278 4307 430 4393 τέσσαρες·
454 4313 484 4371 ἐν
499 4300 708 4397 Συρακούσαις,
727 4310 758 4371 ἐν
772 4299 898 4394 Σμύρνῃ,
915 4309 944 4370 έν
959 4301 1092 4371 Χαλκίδι
1107 4312 1156 4372 καὶ
1170 4313 1200 4372 ἐν
1211 4304 1333 4394 Ἰθάκῃ.
