3068 5202
636 445 676 454 ,-
721 408 757 470 11
804 445 844 454 .-

173 581 325 676 poscam.
369 590 409 654 Et
430 591 489 652 hoc
510 591 637 672 quidem
660 592 728 654 loco
752 590 862 656 Strabo
884 595 986 656 utrius
1007 595 1197 657 sententiam
1220 613 1305 656 com-

172 710 294 793 probet,
316 709 470 784 Demetrii
493 729 531 772 an
554 710 746 793 Apollodori,
768 715 875 793 aperte
898 713 1043 776 ostendit.
1087 712 1225 776 Eaedem
1241 717 1305 774 tres

174 829 343 899 Oechaliae
375 833 607 912 componuntur
637 828 735 892 Strah.
766 829 832 913 ix,
863 831 940 894 438:
996 825 1060 900 Τὴν
1092 823 1126 893 δὲ
1160 830 1306 914 Οἰχαλίαν

173 938 259 1009 πόλιν
293 945 457 1032 λεγομένην
490 947 520 1007 ἐν
549 957 611 1020 τοῖς
641 939 743 1021 τὸποις
776 939 899 1022 ταύτοις
937 951 992 1032 (sc.
1024 969 1120 1033 prope
1152 947 1306 1031 Triccam,

174 1065 356 1129 Thessaliae
379 1065 500 1145 urbem)
524 1067 574 1127 καὶ
597 1067 626 1127 ἐν
650 1064 762 1148 Εὐβοίᾳ
782 1069 832 1130 καὶ
854 1069 885 1129 ἐν
901 1060 1041 1154 Ἀρκαδίορ
1063 1071 1113 1130 καὶ
1137 1060 1305 1154 μετονομά-

174 1177 271 1258 tocco
282 1179 386 1266 Ιοίλλοι
401 1186 481 1267 (add.
499 1185 625 1267 Coraes)
643 1180 752 1263 ἄλλως,
777 1184 792 1248 d
815 1189 865 1250 καὶ
887 1189 916 1249 ἐν
932 1198 998 1261 -τοῖς
1013 1189 1305 1260 Πελοποννησιακοῖς

173 1297 294 1389 εἴρηται,
322 1307 416 1367 etiam
430 1306 539 1386 plures
558 1325 633 1368 vero
649 1305 691 1386 X,
704 1308 781 1368 448:
822 1300 915 1367 Ἔστι
937 1299 971 1368 δὲ
992 1308 1042 1367 καὶ
1064 1306 1194 1390 Οἰχαλία
1216 1297 1306 1390 κώμη

174 1427 228 1496 τῆς
246 1421 429 1509 Ἐρετρικῢς,
452 1421 589 1507 λείψανον
609 1429 663 1496 τῆς
685 1422 886 1510 ἀναιρεθείσης
905 1416 1023 1498 πόλεως
1037 1419 1094 1487 ὑπὸ
1108 1419 1306 1511 Ἡρακλέους,

175 1533 330 1626 ὁμώνυμος
353 1547 391 1623 ri,
414 1542 557 1628 Τραχινίᾳ
580 1544 629 1605 καὶ
650 1548 688 1624 τῇ
711 1545 774 1629 περὶ
794 1543 923 1629 Τρίκκην
944 1547 995 1606 καὶ
1014 1549 1053 1625 τῇ
1076 1536 1245 1630 Ἀρκαδικῆ,
1267 1541 1303 1612 ἢν

171 1657 322 1725 Ἀνδανίαν
355 1666 381 1721 οἱ
413 1658 529 1746 ὕστεροι
562 1650 719 1738 ἐκάλεσαν,
759 1662 809 1722 καὶ
840 1665 879 1742 τῇ
912 1662 942 1721 ἐν
972 1661 1107 1742 Αἰτωλία
1140 1661 1204 1746 περὶ
1236 1654 1307 1733 τοὺς

174 1778 353 1866 Εὐρυτᾶνας.
398 1778 538 1842 Priorem
562 1781 697 1843 indicam
719 1782 815 1843 trium
838 1779 1058 1844 Oechaliarum
1086 1781 1138 1842 vel
1168 1780 1304 1842 similem

176 1899 283 1964 Strabo
313 1899 397 1980 apud
431 1899 659 1980 Apollodorum
691 1901 823 1979 invenit,
855 1900 988 1962 alterum
1017 1899 1103 1962 unde
1134 1900 1307 1980 sumpserit

177 2021 300 2082 neseio:
324 2020 394 2099 ipsa
415 2019 502 2080 enim
526 2022 608 2080 certe
631 2037 696 2080 non
719 2021 907 2100 composuit,
930 2019 1087 2100 siquidem
1108 2036 1215 2100 neque
1232 2014 1306 2079 Tra-

181 2139 284 2201 chinia
300 2155 404 2218 neque
427 2135 569 2198 Aetolica
591 2134 739 2198 Oechalia
761 2136 888 2198 ahunde
918 2137 948 2198 ei
969 2137 1148 2198 innotuisse
1169 2135 1306 2216 videtur,

181 2271 252 2318 curn
274 2257 416 2318 neutrius
439 2273 498 2316 suo
519 2255 588 2316 loco
611 2253 649 2316 ab
674 2273 711 2317 eo
733 2256 851 2317 mentio
880 2254 961 2317 facta
988 2257 1044 2336 sit,
1068 2273 1175 2336 neque
1196 2255 1230 2315 in
1251 2254 1306 2316 de⁴

176 2375 345 2455 scriptione
357 2370 538 2434 Thessaliae
554 2370 748 2453 Trachinlae,
765 2391 869 2454 neque
882 2373 1044 2435 Aetolicae
1059 2375 1094 2434 in
1109 2374 1306 2435 enarratione

174 2494 327 2556 Aetoliae.
371 2491 469 2573 Apud
491 2489 685 2572 Stephanum
707 2491 847 2572 denique
871 2491 947 2554 haec
968 2491 1132 2574 leguntur:
1178 2490 1308 2575 Οἰχαλία

174 2603 268 2689 πόλις,
289 2608 325 2680 ἢν
341 2607 476 2696 Ὅμηρος
507 2611 536 2670 ἐν
564 2613 610 2690 τῷ
639 2610 825 2693 Πελασγικῷ
847 2603 944 2694 Ἄργει
975 2611 1004 2689 (ί.
1029 2629 1055 2672 e.
1080 2609 1242 2673 Thessalia
1268 2611 1304 2672 cs.

176 2731 277 2794 Schel.
302 2729 334 2792 Z.
353 2730 413 2790 152
436 2729 481 2812 A)
500 2719 607 2790 τάσσει
628 2727 738 2813 λέγων·

426 2843 498 2908 οἵτ’
528 2848 596 2930 ἔχον
619 2845 770 2930 Οἰχαλίην,
792 2838 878 2908 πόλιν
900 2837 1044 2933 Εὐρύτου.

177 2971 204 3026 οἱ
225 2957 260 3026 δὲ
282 2955 420 3050 νεώτεροι
440 2965 611 3027 τεθείκασιν
633 2966 680 3048 (cf.
706 2967 801 3030 schol.
826 2964 929 3029 3596
954 2971 980 3027 ot
1002 2957 1037 3026 δὲ
1058 2989 1081 3026 ν.
1102 2955 1308 3045 πεποιήκασιν)

175 3077 268 3152 αἶα-ἠν
284 3083 313 3143 ἐν
328 3080 450 3164 Εὐβοία.
495 3087 560 3144 ἔστι
582 3085 631 3145 καὶ
651 3085 798 3158 Μεσσηνὶς
813 3084 943 3168 Οἰχαλία
964 3086 1015 3146 καὶ
1037 3084 1124 3170 ἑτέρα
1139 3086 1169 3146 ἐν
1184 3083 1307 3170 Τραχῖνι

174 3205 224 3265 καὶ
246 3203 276 3263 ἐν
297 3201 452 3284 Θετταλία
475 3205 526 3266 καὶ
548 3205 577 3264 ἐν
595 3195 735 3289 Ἀρκαδίᾳ
764 3205 886 3285 (eadem
910 3224 946 3267 ac
972 3203 1119 3276 Μεσσηνίς
1149 3207 1185 3266 cf.
1206 3202 1304 3266 Strab.

173 3321 266 3404 VIII,
287 3323 369 3404 350).
415 3315 430 3383 ὁ
453 3323 578 3394 πολίτης
599 3316 758 3405 Οἰχαλιεὺς
785 3315 825 3393 ὡς
851 3315 888 3383 τὸ
911 3321 1036 3406 Αἱμονίοι
1063 3310 1226 3406 Αἰμονιειίς,
1256 3321 1308 3381 καὶ

175 3435 238 3525 [ὡς]
255 3440 373 3524 Αίμονὶς
396 3436 476 3500 οὕτω
489 3439 621 3524 Οἰχαλίς,
642 3441 691 3501 καὶ
712 3430 903 3523 Οίχαλιοίτης
925 3433 966 3512 ὡς
984 3429 1209 3525 Ἀμβρακιώτης
1231 3439 1305 3523 [καὶ]

175 3550 370 3632 Σικελιώτης
413 3558 499 3632 Λίνος
519 3553 578 3645 γὰρ
598 3553 614 3622 ὁ
637 3553 782 3645 ἱστορικὸς
804 3550 996 3644 Οἰχαλιοίτης
1019 3551 1062 3629 ἦν.
1105 3558 1229 3645 hestrut
1254 3559 1305 3619 καὶ

177 3670 317 3764 Οίχοίλιος
338 3680 389 3741 καὶ
410 3676 595 3762 Οἰχαλίηθεν
617 3679 652 3738 ta
673 3670 777 3740 τόπου.

257 3797 346 3874 Quae
367 3797 452 3880 apud
474 3797 677 3860 Eustathium
698 3799 907 3859 inveniuntur
935 3797 975 3859 ad
1006 3795 1032 3858 B
1058 3797 1119 3858 734
1135 3816 1164 3878 p.
1180 3797 1253 3876 332,
1275 3797 1305 3877 5,

171 3918 307 3983 conflata
329 3920 405 3980 sun-t
426 3933 469 3979 ex
491 3913 644 3978 Strabone
666 3920 698 3979 et
719 3914 887 3999 Stephano.
931 3915 1037 3978 Etiam
1069 3916 1128 3977 hoc
1157 3913 1303 3997 eiramplo

171 4038 352 4102 luculenter
366 4035 505 4116 docetur,
528 4054 685 4118 quaenam
699 4037 778 4098 ratio
792 4035 965 4098 intercedat
978 4037 1061 4097 inter
1074 4033 1304 4114 Aristarchum,

170 4157 384 4237 Demetrium,
404 4154 643 4238 Apollodorum,
665 4153 862 4237 Strabonem,
886 4153 1091 4236 Stephanum.

256 4275 352 4338 Nunc
375 4274 503 4337 alteram
523 4276 697 4336 stemmatis
718 4278 838 4358 partem
858 4273 1031 4336 illustrabo.
1076 4271 1160 4336 Nota
1180 4291 1231 4335 res
1255 4275 1304 4334 est
