<?xml version="1.0" encoding="UTF-8"?>
<!DOCTYPE html PUBLIC "-//W3C//DTD XHTML 1.0 Transitional//EN"
    "http://www.w3.org/TR/xhtml1/DTD/xhtml1-transitional.dtd">
<html xmlns="http://www.w3.org/1999/xhtml" xml:lang="en" lang="en">
 <head>
  <title>
</title>
<meta http-equiv="Content-Type" content="text/html;charset=utf-8" />
  <meta name='ocr-system' content='tesseract 3.04.00' />
  <meta name='ocr-capabilities' content='ocr_page ocr_carea ocr_par ocr_line ocrx_word'/>
</head>
<body>
  <div class='ocr_page' id='page_1' title='image "./analectaaristar00schigoog_0028.png"; bbox 0 0 3068 5202; ppageno 0'>
   <div class='ocr_carea' id='block_1_1' title="bbox 665 463 875 524">
    <p class='ocr_par' dir='ltr' id='par_1_1' title="bbox 665 463 875 524">
     <span class='ocr_line' id='line_1_1' title="bbox 665 463 875 524; baseline 0.01 -18"><span class='ocrx_word' id='word_1_1' title='bbox 665 463 875 524; x_wconf 65' lang='lat'>-19-</span> 
     </span>
    </p>
   </div>
   <div class='ocr_carea' id='block_1_2' title="bbox 196 637 1340 1801">
    <p class='ocr_par' dir='ltr' id='par_1_2' title="bbox 196 637 1338 1091">
     <span class='ocr_line' id='line_1_2' title="bbox 196 637 1337 733; baseline -0.003 -23"><span class='ocrx_word' id='word_1_2' title='bbox 196 651 251 711; x_wconf 77' lang='lat' dir='ltr'>cst</span> <span class='ocrx_word' id='word_1_3' title='bbox 274 669 292 710; x_wconf 91' lang='lat' dir='ltr'>a</span> <span class='ocrx_word' id='word_1_4' title='bbox 315 647 414 710; x_wconf 77' lang='lat' dir='ltr'>Sirab.</span> <span class='ocrx_word' id='word_1_5' title='bbox 440 645 616 709; x_wconf 84' lang='lat' dir='ltr'>V111338:</span> <span class='ocrx_word' id='word_1_6' title='bbox 645 638 871 733; x_wconf 87' lang='grc' dir='ltr'>Ἀπολλόδωρος</span> <span class='ocrx_word' id='word_1_7' title='bbox 897 639 932 708; x_wconf 85' lang='grc' dir='ltr'>δὲ</span> <span class='ocrx_word' id='word_1_8' title='bbox 954 638 1112 723; x_wconf 75' lang='grc' dir='ltr'>διδάσκων,</span> <span class='ocrx_word' id='word_1_9' title='bbox 1136 643 1168 709; x_wconf 82' lang='grc' dir='ltr'>ὃν</span> <span class='ocrx_word' id='word_1_10' title='bbox 1190 637 1299 732; x_wconf 82' lang='grc' dir='ltr'>τρόπον</span> <span class='ocrx_word' id='word_1_11' title='bbox 1322 640 1337 707; x_wconf 85' lang='grc' dir='ltr'>ὁ</span> 
     </span>
     <span class='ocr_line' id='line_1_3' title="bbox 201 757 1337 851; baseline -0.004 -21"><span class='ocrx_word' id='word_1_12' title='bbox 201 762 329 840; x_wconf 68' lang='grc' dir='ltr'>ποιητὴς</span> <span class='ocrx_word' id='word_1_13' title='bbox 350 771 441 829; x_wconf 69' lang='grc' dir='ltr'>εἴωθε</span> <span class='ocrx_word' id='word_1_14' title='bbox 465 757 700 828; x_wconf 72' lang='grc' dir='ltr'>διαστέλλεσθαι</span> <span class='ocrx_word' id='word_1_15' title='bbox 721 761 777 838; x_wconf 79' lang='grc' dir='ltr'>τὰς</span> <span class='ocrx_word' id='word_1_16' title='bbox 806 759 980 850; x_wconf 76' lang='grc' dir='ltr'>ὁμωνυμίας,</span> <span class='ocrx_word' id='word_1_17' title='bbox 1005 761 1065 828; x_wconf 84' lang='grc' dir='ltr'>οἷον</span> <span class='ocrx_word' id='word_1_18' title='bbox 1086 767 1132 827; x_wconf 80' lang='grc' dir='ltr'>ἐπὶ</span> <span class='ocrx_word' id='word_1_19' title='bbox 1151 764 1337 851; x_wconf 77' lang='grc' dir='ltr'>Ὀρχομενοῦ</span> 
     </span>
     <span class='ocr_line' id='line_1_4' title="bbox 202 876 1338 972; baseline -0.001 -24"><span class='ocrx_word' id='word_1_20' title='bbox 202 881 257 949; x_wconf 88' lang='grc' dir='ltr'>τὸν</span> <span class='ocrx_word' id='word_1_21' title='bbox 280 885 333 972; x_wconf 84' lang='grc' dir='ltr'>μὲν</span> <span class='ocrx_word' id='word_1_22' title='bbox 351 878 525 972; x_wconf 85' lang='grc' dir='ltr'>Ἀρκαδικὸν</span> <span class='ocrx_word' id='word_1_23' title='bbox 546 876 719 969; x_wconf 78' lang='grc' dir='ltr'>πολύμηλον</span> <span class='ocrx_word' id='word_1_24' title='bbox 741 889 853 966; x_wconf 78' lang='grc' dir='ltr'>καλῶν,</span> <span class='ocrx_word' id='word_1_25' title='bbox 868 878 921 947; x_wconf 83' lang='grc' dir='ltr'>τὸν</span> <span class='ocrx_word' id='word_1_26' title='bbox 943 877 978 945; x_wconf 87' lang='grc' dir='ltr'>δὲ</span> <span class='ocrx_word' id='word_1_27' title='bbox 993 879 1180 946; x_wconf 88' lang='grc' dir='ltr'>Βοιωτιακὸν</span> <span class='ocrx_word' id='word_1_28' title='bbox 1201 876 1338 947; x_wconf 74' lang='grc' dir='ltr'>Μινύειον</span> 
     </span>
     <span class='ocr_line' id='line_1_5' title="bbox 200 996 838 1091; baseline 0 -26"><span class='ocrx_word' id='word_1_29' title='bbox 200 1007 255 1067; x_wconf 72' lang='grc' dir='ltr'>,καὶ</span> <span class='ocrx_word' id='word_1_30' title='bbox 277 996 382 1090; x_wconf 77' lang='grc' dir='ltr'>Σάμον</span> <span class='ocrx_word' id='word_1_31' title='bbox 406 1005 543 1091; x_wconf 82' lang='grc' dir='ltr'>Θρηικίην</span> <span class='ocrx_word' id='word_1_32' title='bbox 567 1007 712 1077; x_wconf 70' lang='grc' dir='ltr'>συντιθεὶς</span> <span class='ocrx_word' id='word_1_33' title='bbox 735 1004 772 1084; x_wconf 78' lang='grc' dir='ltr'>(Ω</span> <span class='ocrx_word' id='word_1_34' title='bbox 788 1006 838 1082; x_wconf 80' lang='grc'>78)</span> 
     </span>
    </p>

    <p class='ocr_par' dir='ltr' id='par_1_3' title="bbox 197 1114 1340 1446">
     <span class='ocr_line' id='line_1_6' title="bbox 492 1114 1070 1208; baseline -0.005 -23"><span class='ocrx_word' id='word_1_35' title='bbox 492 1119 640 1208; x_wconf 83' lang='grc' dir='ltr'>μεσσηγὺς</span> <span class='ocrx_word' id='word_1_36' title='bbox 661 1145 696 1185; x_wconf 86' lang='grc' dir='ltr'>τε</span> <span class='ocrx_word' id='word_1_37' title='bbox 718 1114 834 1208; x_wconf 84' lang='grc' dir='ltr'>Σοίμοιο</span> <span class='ocrx_word' id='word_1_38' title='bbox 856 1124 905 1183; x_wconf 89' lang='grc' dir='ltr'>καὶ</span> <span class='ocrx_word' id='word_1_39' title='bbox 919 1116 1070 1207; x_wconf 80' lang='grc' dir='ltr'>Ἴμβρου,-</span> 
     </span>
     <span class='ocr_line' id='line_1_7' title="bbox 205 1233 1340 1328; baseline -0.004 -25"><span class='ocrx_word' id='word_1_40' title='bbox 205 1244 253 1304; x_wconf 83' lang='grc' dir='ltr'>ἵνα</span> <span class='ocrx_word' id='word_1_41' title='bbox 276 1242 389 1328; x_wconf 81' lang='grc' dir='ltr'>χωρίση</span> <span class='ocrx_word' id='word_1_42' title='bbox 413 1236 470 1303; x_wconf 85' lang='grc' dir='ltr'>ἀπὸ</span> <span class='ocrx_word' id='word_1_43' title='bbox 493 1248 547 1315; x_wconf 65' lang='grc' dir='ltr'>τῖς</span> <span class='ocrx_word' id='word_1_44' title='bbox 575 1240 719 1318; x_wconf 76' lang='grc' dir='ltr'>Ἰωνικῆς,</span> <span class='ocrx_word' id='word_1_45' title='bbox 756 1238 837 1302; x_wconf 87' lang='grc' dir='ltr'>οὕτω</span> <span class='ocrx_word' id='word_1_46' title='bbox 868 1243 938 1326; x_wconf 80' lang='grc' dir='ltr'>φησὶ</span> <span class='ocrx_word' id='word_1_47' title='bbox 968 1241 1018 1302; x_wconf 84' lang='grc' dir='ltr'>καὶ</span> <span class='ocrx_word' id='word_1_48' title='bbox 1048 1234 1104 1308; x_wconf 69' lang='grc' dir='ltr'>τόν</span> <span class='ocrx_word' id='word_1_49' title='bbox 1127 1233 1340 1324; x_wconf 70' lang='grc' dir='ltr'>Θεσπρωτικίν</span> 
     </span>
     <span class='ocr_line' id='line_1_8' title="bbox 197 1353 1083 1446; baseline -0.001 -25"><span class='ocrx_word' id='word_1_50' title='bbox 197 1353 338 1446; x_wconf 77' lang='grc' dir='ltr'>Ἔφυραν</span> <span class='ocrx_word' id='word_1_51' title='bbox 357 1353 592 1423; x_wconf 69' lang='grc' dir='ltr'>διαστέλλεσθαι</span> <span class='ocrx_word' id='word_1_52' title='bbox 611 1366 656 1442; x_wconf 81' lang='grc' dir='ltr'>τῷ</span> <span class='ocrx_word' id='word_1_53' title='bbox 677 1385 712 1424; x_wconf 90' lang='grc' dir='ltr'>τε</span> <span class='ocrx_word' id='word_1_54' title='bbox 732 1353 902 1432; x_wconf 56' lang='lat' dir='ltr'>&#39;‘cnidiae&#39;&#39;</span> <span class='ocrx_word' id='word_1_55' title='bbox 921 1361 942 1439; x_wconf 76' lang='lat'>¹)</span> <span class='ocrx_word' id='word_1_56' title='bbox 966 1361 1015 1420; x_wconf 86' lang='grc' dir='ltr'>καὶ</span> <span class='ocrx_word' id='word_1_57' title='bbox 1035 1363 1083 1438; x_wconf 84' lang='grc' dir='ltr'>τῷ</span> 
     </span>
    </p>

    <p class='ocr_par' dir='ltr' id='par_1_4' title="bbox 563 1470 1000 1564">
     <span class='ocr_line' id='line_1_9' title="bbox 563 1470 1000 1564; baseline -0.007 -23"><span class='ocrx_word' id='word_1_58' title='bbox 563 1485 701 1564; x_wconf 81' lang='grc' dir='ltr'>ποταμοῦ</span> <span class='ocrx_word' id='word_1_59' title='bbox 724 1473 783 1541; x_wconf 79' lang='grc' dir='ltr'>ἄπο</span> <span class='ocrx_word' id='word_1_60' title='bbox 806 1470 1000 1549; x_wconf 65' lang='grc' dir='ltr'>Σελλήεντος.</span> 
     </span>
    </p>

    <p class='ocr_par' dir='ltr' id='par_1_5' title="bbox 202 1589 1340 1801">
     <span class='ocr_line' id='line_1_10' title="bbox 206 1589 1339 1680; baseline -0.001 -23"><span class='ocrx_word' id='word_1_61' title='bbox 206 1597 316 1658; x_wconf 82' lang='grc' dir='ltr'>Ταῦτα</span> <span class='ocrx_word' id='word_1_62' title='bbox 338 1589 367 1657; x_wconf 90' lang='grc' dir='ltr'>δ’</span> <span class='ocrx_word' id='word_1_63' title='bbox 397 1595 453 1680; x_wconf 85' lang='grc' dir='ltr'>οὐχ</span> <span class='ocrx_word' id='word_1_64' title='bbox 474 1591 619 1680; x_wconf 79' lang='grc' dir='ltr'>ὁμολογεῖ</span> <span class='ocrx_word' id='word_1_65' title='bbox 637 1607 701 1671; x_wconf 80' lang='grc' dir='ltr'>τοῖς</span> <span class='ocrx_word' id='word_1_66' title='bbox 721 1591 778 1658; x_wconf 84' lang='grc' dir='ltr'>ὑπὸ</span> <span class='ocrx_word' id='word_1_67' title='bbox 798 1601 853 1658; x_wconf 85' lang='grc' dir='ltr'>τοῦ</span> <span class='ocrx_word' id='word_1_68' title='bbox 876 1594 1009 1678; x_wconf 78' lang='grc' dir='ltr'>Σκηψίου</span> <span class='ocrx_word' id='word_1_69' title='bbox 1024 1593 1189 1680; x_wconf 83' lang='grc' dir='ltr'>Δημητρίου</span> <span class='ocrx_word' id='word_1_70' title='bbox 1211 1593 1339 1678; x_wconf 81' lang='grc' dir='ltr'>λεγομέ-</span> 
     </span>
     <span class='ocr_line' id='line_1_11' title="bbox 202 1705 1340 1801; baseline -0.002 -25"><span class='ocrx_word' id='word_1_71' title='bbox 202 1737 273 1795; x_wconf 86' lang='grc' dir='ltr'>νοις,</span> <span class='ocrx_word' id='word_1_72' title='bbox 301 1714 364 1800; x_wconf 90' lang='grc' dir='ltr'>παρ’</span> <span class='ocrx_word' id='word_1_73' title='bbox 397 1705 431 1778; x_wconf 80' lang='grc' dir='ltr'>οὖ</span> <span class='ocrx_word' id='word_1_74' title='bbox 461 1714 619 1801; x_wconf 81' lang='grc' dir='ltr'>μεταφέρει</span> <span class='ocrx_word' id='word_1_75' title='bbox 647 1711 687 1777; x_wconf 78' lang='grc' dir='ltr'>τὰ</span> <span class='ocrx_word' id='word_1_76' title='bbox 714 1720 855 1792; x_wconf 84' lang='grc' dir='ltr'>πλεῖστα,</span> <span class='ocrx_word' id='word_1_77' title='bbox 886 1716 994 1787; x_wconf 83' lang='grc' dir='ltr'>ἐκεῖνος</span> <span class='ocrx_word' id='word_1_78' title='bbox 1023 1707 1079 1799; x_wconf 79' lang='grc' dir='ltr'>γὰρ</span> <span class='ocrx_word' id='word_1_79' title='bbox 1101 1707 1135 1774; x_wconf 80' lang='grc' dir='ltr'>οὔ</span> <span class='ocrx_word' id='word_1_80' title='bbox 1160 1734 1246 1798; x_wconf 82' lang='grc' dir='ltr'>φησιν</span> <span class='ocrx_word' id='word_1_81' title='bbox 1268 1709 1340 1775; x_wconf 80' lang='grc' dir='ltr'>εἶναι</span> 
     </span>
    </p>
   </div>
   <div class='ocr_carea' id='block_1_3' title="bbox 202 1826 1340 1919">
    <p class='ocr_par' dir='ltr' id='par_1_6' title="bbox 202 1826 1340 1919">
     <span class='ocr_line' id='line_1_12' title="bbox 202 1826 1340 1919; baseline -0.003 -23"><span class='ocrx_word' id='word_1_82' title='bbox 202 1826 382 1903; x_wconf 74' lang='grc' dir='ltr'>Σελλήεντα</span> <span class='ocrx_word' id='word_1_83' title='bbox 412 1835 442 1894; x_wconf 76' lang='grc' dir='ltr'>ἐν</span> <span class='ocrx_word' id='word_1_84' title='bbox 464 1833 653 1919; x_wconf 72' lang='grc' dir='ltr'>Θεσπρωτοῖς</span> <span class='ocrx_word' id='word_1_85' title='bbox 674 1828 819 1918; x_wconf 86' lang='grc' dir='ltr'>ποταμὸν,</span> <span class='ocrx_word' id='word_1_86' title='bbox 848 1830 912 1894; x_wconf 83' lang='grc' dir='ltr'>ἀλλ’</span> <span class='ocrx_word' id='word_1_87' title='bbox 941 1833 971 1893; x_wconf 82' lang='grc' dir='ltr'>ἐν</span> <span class='ocrx_word' id='word_1_88' title='bbox 996 1837 1034 1913; x_wconf 74' lang='grc' dir='ltr'>τῇ</span> <span class='ocrx_word' id='word_1_89' title='bbox 1055 1829 1164 1911; x_wconf 75' lang='grc' dir='ltr'>Ἠλείᾳ</span> <span class='ocrx_word' id='word_1_90' title='bbox 1186 1826 1265 1917; x_wconf 81' lang='grc' dir='ltr'>παρὰ</span> <span class='ocrx_word' id='word_1_91' title='bbox 1286 1826 1340 1893; x_wconf 68' lang='grc' dir='ltr'>τόν</span> 
     </span>
    </p>
   </div>
   <div class='ocr_carea' id='block_1_4' title="bbox 203 2089 1419 3374">
    <p class='ocr_par' dir='ltr' id='par_1_7' title="bbox 203 2089 1419 3374">
     <span class='ocr_line' id='line_1_13' title="bbox 278 2089 778 2158; baseline -0.006 -13"><span class='ocrx_word' id='word_1_92' title='bbox 278 2094 303 2150; x_wconf 73' lang='lat' dir='ltr'>ll</span> <span class='ocrx_word' id='word_1_93' title='bbox 323 2090 466 2158; x_wconf 80' lang='lat' dir='ltr'>Scripsisse</span> <span class='ocrx_word' id='word_1_94' title='bbox 484 2090 570 2157; x_wconf 86' lang='lat' dir='ltr'>igitur</span> <span class='ocrx_word' id='word_1_95' title='bbox 587 2089 778 2157; x_wconf 89' lang='lat' dir='ltr'>Apollodorum</span> 
     </span>
     <span class='ocr_line' id='line_1_14' title="bbox 375 2171 1062 2245; baseline 0.001 -16"><span class='ocrx_word' id='word_1_96' title='bbox 375 2175 492 2245; x_wconf 76' lang='grc' dir='ltr'>τηλόθεν</span> <span class='ocrx_word' id='word_1_97' title='bbox 510 2174 536 2238; x_wconf 75' lang='grc' dir='ltr'>ἐξ</span> <span class='ocrx_word' id='word_1_98' title='bbox 554 2175 671 2244; x_wconf 86' lang='grc' dir='ltr'>Ἐφόρης</span> <span class='ocrx_word' id='word_1_99' title='bbox 688 2175 811 2244; x_wconf 76' lang='grc' dir='ltr'>ποταμοῦ</span> <span class='ocrx_word' id='word_1_100' title='bbox 830 2171 886 2230; x_wconf 78' lang='grc' dir='ltr'>υίπο</span> <span class='ocrx_word' id='word_1_101' title='bbox 902 2174 1062 2245; x_wconf 71' lang='grc' dir='ltr'>Σελλήεντος</span> 
     </span>
     <span class='ocr_line' id='line_1_15' title="bbox 206 2261 1340 2331; baseline 0 -17"><span class='ocrx_word' id='word_1_102' title='bbox 206 2263 294 2314; x_wconf 89' lang='lat' dir='ltr'>etiam</span> <span class='ocrx_word' id='word_1_103' title='bbox 312 2279 342 2315; x_wconf 84' lang='lat' dir='ltr'>ex</span> <span class='ocrx_word' id='word_1_104' title='bbox 361 2262 450 2316; x_wconf 87' lang='lat' dir='ltr'>Strab.</span> <span class='ocrx_word' id='word_1_105' title='bbox 471 2262 534 2326; x_wconf 89' lang='lat' dir='ltr'>VH,</span> <span class='ocrx_word' id='word_1_106' title='bbox 552 2263 604 2315; x_wconf 85' lang='lat'>328</span> <span class='ocrx_word' id='word_1_107' title='bbox 622 2266 746 2331; x_wconf 86' lang='lat' dir='ltr'>apparet,</span> <span class='ocrx_word' id='word_1_108' title='bbox 773 2263 818 2316; x_wconf 93' lang='lat' dir='ltr'>ubi</span> <span class='ocrx_word' id='word_1_109' title='bbox 836 2266 910 2316; x_wconf 90' lang='lat' dir='ltr'>totus</span> <span class='ocrx_word' id='word_1_110' title='bbox 931 2279 1022 2316; x_wconf 84' lang='lat' dir='ltr'>versus</span> <span class='ocrx_word' id='word_1_111' title='bbox 1040 2262 1079 2316; x_wconf 92' lang='lat' dir='ltr'>sic</span> <span class='ocrx_word' id='word_1_112' title='bbox 1096 2261 1228 2324; x_wconf 62' lang='lat' dir='ltr'>adsertam</span> <span class='ocrx_word' id='word_1_113' title='bbox 1245 2261 1291 2315; x_wconf 89' lang='lat' dir='ltr'>sed</span> <span class='ocrx_word' id='word_1_114' title='bbox 1308 2277 1340 2314; x_wconf 82' lang='lat' dir='ltr'>er</span> 
     </span>
     <span class='ocr_line' id='line_1_16' title="bbox 206 2347 1340 2417; baseline 0 -17"><span class='ocrx_word' id='word_1_115' title='bbox 206 2365 324 2416; x_wconf 88' lang='lat' dir='ltr'>quanam</span> <span class='ocrx_word' id='word_1_116' title='bbox 350 2348 466 2401; x_wconf 75' lang='lat' dir='ltr'>editione</span> <span class='ocrx_word' id='word_1_117' title='bbox 491 2349 562 2402; x_wconf 83' lang='lat' dir='ltr'>lianc</span> <span class='ocrx_word' id='word_1_118' title='bbox 584 2365 674 2402; x_wconf 83' lang='lat' dir='ltr'>versus</span> <span class='ocrx_word' id='word_1_119' title='bbox 699 2349 812 2402; x_wconf 88' lang='lat' dir='ltr'>formam</span> <span class='ocrx_word' id='word_1_120' title='bbox 834 2349 958 2417; x_wconf 87' lang='lat' dir='ltr'>petierit,</span> <span class='ocrx_word' id='word_1_121' title='bbox 984 2348 1161 2417; x_wconf 88' lang='lat' dir='ltr'>quaerendum</span> <span class='ocrx_word' id='word_1_122' title='bbox 1187 2351 1235 2401; x_wconf 93' lang='lat' dir='ltr'>est.</span> <span class='ocrx_word' id='word_1_123' title='bbox 1284 2347 1340 2401; x_wconf 84' lang='lat' dir='ltr'>Soli</span> 
     </span>
     <span class='ocr_line' id='line_1_17' title="bbox 203 2434 1341 2504; baseline 0 -18"><span class='ocrx_word' id='word_1_124' title='bbox 203 2435 288 2497; x_wconf 87' lang='lat' dir='ltr'>enim,</span> <span class='ocrx_word' id='word_1_125' title='bbox 307 2435 340 2487; x_wconf 91' lang='lat' dir='ltr'>ad</span> <span class='ocrx_word' id='word_1_126' title='bbox 358 2452 423 2504; x_wconf 91' lang='lat' dir='ltr'>quos</span> <span class='ocrx_word' id='word_1_127' title='bbox 442 2438 563 2504; x_wconf 89' lang='lat' dir='ltr'>spectare</span> <span class='ocrx_word' id='word_1_128' title='bbox 582 2435 758 2504; x_wconf 90' lang='lat' dir='ltr'>Apollodorus</span> <span class='ocrx_word' id='word_1_129' title='bbox 777 2436 875 2503; x_wconf 88' lang='lat' dir='ltr'>potuit,</span> <span class='ocrx_word' id='word_1_130' title='bbox 891 2439 955 2488; x_wconf 92' lang='lat' dir='ltr'>sunt</span> <span class='ocrx_word' id='word_1_131' title='bbox 975 2439 1022 2488; x_wconf 88' lang='lat' dir='ltr'>aut</span> <span class='ocrx_word' id='word_1_132' title='bbox 1039 2451 1130 2487; x_wconf 82' lang='lat' dir='ltr'>versus</span> <span class='ocrx_word' id='word_1_133' title='bbox 1156 2435 1179 2487; x_wconf 93' lang='lat' dir='ltr'>B</span> <span class='ocrx_word' id='word_1_134' title='bbox 1199 2434 1250 2489; x_wconf 83' lang='grc'>656</span> <span class='ocrx_word' id='word_1_135' title='bbox 1267 2450 1341 2503; x_wconf 88' lang='lat' dir='ltr'>sqq.:</span> 
     </span>
     <span class='ocr_line' id='line_1_18' title="bbox 376 2518 1052 2590; baseline -0.003 -16"><span class='ocrx_word' id='word_1_136' title='bbox 376 2520 429 2574; x_wconf 76' lang='grc' dir='ltr'>τῶν</span> <span class='ocrx_word' id='word_1_137' title='bbox 445 2523 495 2590; x_wconf 78' lang='grc' dir='ltr'>μὲν</span> <span class='ocrx_word' id='word_1_138' title='bbox 515 2521 684 2590; x_wconf 82' lang='grc' dir='ltr'>Τληπόλεμος</span> <span class='ocrx_word' id='word_1_139' title='bbox 702 2518 868 2589; x_wconf 82' lang='grc' dir='ltr'>ὃουρίκλυτος</span> <span class='ocrx_word' id='word_1_140' title='bbox 886 2518 1052 2590; x_wconf 74' lang='grc' dir='ltr'>ἡγεμόνευεν,</span> 
     </span>
     <span class='ocr_line' id='line_1_19' title="bbox 378 2604 928 2680; baseline -0.004 -18"><span class='ocrx_word' id='word_1_141' title='bbox 378 2604 409 2662; x_wconf 81' lang='grc' dir='ltr'>όν</span> <span class='ocrx_word' id='word_1_142' title='bbox 427 2614 500 2662; x_wconf 80' lang='grc' dir='ltr'>τέκεν</span> <span class='ocrx_word' id='word_1_143' title='bbox 515 2605 675 2674; x_wconf 82' lang='grc' dir='ltr'>Ἀστυόχεια</span> <span class='ocrx_word' id='word_1_144' title='bbox 693 2613 739 2680; x_wconf 76' lang='grc' dir='ltr'>βίη</span> <span class='ocrx_word' id='word_1_145' title='bbox 757 2605 928 2678; x_wconf 77' lang='grc' dir='ltr'>Ἡρακληείῃ,</span> 
     </span>
     <span class='ocr_line' id='line_1_20' title="bbox 376 2688 1107 2765; baseline -0.001 -17"><span class='ocrx_word' id='word_1_146' title='bbox 376 2693 425 2763; x_wconf 78' lang='grc' dir='ltr'>τήν</span> <span class='ocrx_word' id='word_1_147' title='bbox 443 2691 510 2764; x_wconf 71' lang='grc' dir='ltr'>ἄγετ’</span> <span class='ocrx_word' id='word_1_148' title='bbox 531 2694 558 2757; x_wconf 73' lang='grc' dir='ltr'>ἐξ</span> <span class='ocrx_word' id='word_1_149' title='bbox 576 2693 704 2765; x_wconf 80' lang='grc' dir='ltr'>Ἐφόρης,</span> <span class='ocrx_word' id='word_1_150' title='bbox 724 2695 844 2763; x_wconf 77' lang='grc' dir='ltr'>ποταμοῦ</span> <span class='ocrx_word' id='word_1_151' title='bbox 866 2690 920 2747; x_wconf 76' lang='grc' dir='ltr'>ἄπο</span> <span class='ocrx_word' id='word_1_152' title='bbox 939 2688 1107 2762; x_wconf 79' lang='grc' dir='ltr'>Σελλήεντος,</span> 
     </span>
     <span class='ocr_line' id='line_1_21' title="bbox 376 2777 1021 2849; baseline -0.005 -14"><span class='ocrx_word' id='word_1_153' title='bbox 376 2778 571 2849; x_wconf 62' lang='lat' dir='ltr'>cloccarium</span> <span class='ocrx_word' id='word_1_154' title='bbox 590 2780 676 2836; x_wconf 68' lang='grc' dir='ltr'>πολλοὶ</span> <span class='ocrx_word' id='word_1_155' title='bbox 699 2786 868 2849; x_wconf 73' lang='grc' dir='ltr'>Διοτρεφέων</span> <span class='ocrx_word' id='word_1_156' title='bbox 885 2777 992 2847; x_wconf 77' lang='grc' dir='ltr'>αἰζηῶν.</span> <span class='ocrx_word' id='word_1_157' title='bbox 1014 2793 1021 2802; x_wconf 82' lang='grc'><em>”</em></span> 
     </span>
     <span class='ocr_line' id='line_1_22' title="bbox 206 2867 1419 2938; baseline 0.001 -18"><span class='ocrx_word' id='word_1_158' title='bbox 206 2869 258 2920; x_wconf 82' lang='lat' dir='ltr'>aut</span> <span class='ocrx_word' id='word_1_159' title='bbox 277 2873 299 2919; x_wconf 94' lang='grc'><strong><em>0</em></strong></span> <span class='ocrx_word' id='word_1_160' title='bbox 318 2867 369 2920; x_wconf 79' lang='lat'>529</span> <span class='ocrx_word' id='word_1_161' title='bbox 387 2885 458 2937; x_wconf 89' lang='lat' dir='ltr'>sqq.:</span> <span class='ocrx_word' id='word_1_162' title='bbox 1411 2901 1419 2938; x_wconf 61' lang='lat'>3</span> 
     </span>
     <span class='ocr_line' id='line_1_23' title="bbox 567 2947 1340 3022; baseline -0.003 -14"><span class='ocrx_word' id='word_1_163' title='bbox 567 2952 676 3008; x_wconf 80' lang='grc' dir='ltr'>πναινός</span> <span class='ocrx_word' id='word_1_164' title='bbox 695 2951 722 3008; x_wconf 77' lang='grc' dir='ltr'>δὲ</span> <span class='ocrx_word' id='word_1_165' title='bbox 740 2950 767 3008; x_wconf 81' lang='grc' dir='ltr'>οί</span> <span class='ocrx_word' id='word_1_166' title='bbox 782 2961 828 3022; x_wconf 73' lang='grc' dir='ltr'>(ες.</span> <span class='ocrx_word' id='word_1_167' title='bbox 848 2954 950 3021; x_wconf 76' lang='lat' dir='ltr'>Mageti</span> <span class='ocrx_word' id='word_1_168' title='bbox 967 2953 1107 3020; x_wconf 82' lang='lat' dir='ltr'>Phylidac)</span> <span class='ocrx_word' id='word_1_169' title='bbox 1126 2947 1217 3022; x_wconf 76' lang='grc' dir='ltr'>ἢρκεσε</span> <span class='ocrx_word' id='word_1_170' title='bbox 1235 2951 1340 3022; x_wconf 78' lang='grc' dir='ltr'>θώρηξ,</span> 
     </span>
     <span class='ocr_line' id='line_1_24' title="bbox 376 3037 1260 3110; baseline 0 -16"><span class='ocrx_word' id='word_1_171' title='bbox 376 3039 422 3094; x_wconf 85' lang='grc' dir='ltr'>τόν</span> <span class='ocrx_word' id='word_1_172' title='bbox 439 3043 463 3108; x_wconf 84' lang='grc' dir='ltr'>ῥ’</span> <span class='ocrx_word' id='word_1_173' title='bbox 482 3040 571 3110; x_wconf 72' lang='grc' dir='ltr'>ἐφόρει</span> <span class='ocrx_word' id='word_1_174' title='bbox 589 3041 724 3109; x_wconf 76' lang='grc' dir='ltr'>γυάλοισιν</span> <span class='ocrx_word' id='word_1_175' title='bbox 742 3039 869 3109; x_wconf 80' lang='grc' dir='ltr'>ἀρηρότα.</span> <span class='ocrx_word' id='word_1_176' title='bbox 889 3039 934 3094; x_wconf 88' lang='grc' dir='ltr'>τόν</span> <span class='ocrx_word' id='word_1_177' title='bbox 953 3039 1012 3094; x_wconf 84' lang='grc' dir='ltr'>τότε</span> <span class='ocrx_word' id='word_1_178' title='bbox 1030 3037 1130 3094; x_wconf 85' lang='grc' dir='ltr'>Φυλεός</span> <span class='ocrx_word' id='word_1_179' title='bbox 1165 3079 1167 3083; x_wconf 67' lang='lat'>,</span> <span class='ocrx_word' id='word_1_180' title='bbox 1257 3053 1260 3060; x_wconf 85' lang='grc'><strong>“</strong></span> 
     </span>
     <span class='ocr_line' id='line_1_25' title="bbox 375 3122 1052 3197; baseline 0 -18"><span class='ocrx_word' id='word_1_181' title='bbox 375 3123 472 3196; x_wconf 79' lang='grc' dir='ltr'>ἤγαγεν</span> <span class='ocrx_word' id='word_1_182' title='bbox 490 3127 517 3190; x_wconf 67' lang='grc' dir='ltr'>ἐξ</span> <span class='ocrx_word' id='word_1_183' title='bbox 534 3126 650 3197; x_wconf 83' lang='grc' dir='ltr'>Ἐφόρης</span> <span class='ocrx_word' id='word_1_184' title='bbox 667 3125 790 3195; x_wconf 72' lang='grc' dir='ltr'>ποταμοῖν</span> <span class='ocrx_word' id='word_1_185' title='bbox 809 3122 862 3180; x_wconf 70' lang='lat' dir='ltr'>cino</span> <span class='ocrx_word' id='word_1_186' title='bbox 882 3126 1052 3196; x_wconf 78' lang='grc' dir='ltr'>Σελλήεντος.</span> 
     </span>
     <span class='ocr_line' id='line_1_26' title="bbox 377 3209 1114 3283; baseline -0.001 -17"><span class='ocrx_word' id='word_1_187' title='bbox 377 3215 459 3276; x_wconf 82' lang='grc' dir='ltr'>ξεῖνος</span> <span class='ocrx_word' id='word_1_188' title='bbox 478 3211 528 3283; x_wconf 85' lang='grc' dir='ltr'>γοὶρ</span> <span class='ocrx_word' id='word_1_189' title='bbox 547 3210 575 3268; x_wconf 77' lang='lat' dir='ltr'>or‘</span> <span class='ocrx_word' id='word_1_190' title='bbox 589 3210 683 3266; x_wconf 74' lang='grc' dir='ltr'>ὶδονκεν</span> <span class='ocrx_word' id='word_1_191' title='bbox 701 3210 769 3274; x_wconf 74' lang='grc' dir='ltr'>ἅναξ</span> <span class='ocrx_word' id='word_1_192' title='bbox 787 3209 893 3280; x_wconf 73' lang='grc' dir='ltr'>ἀνδρῶν</span> <span class='ocrx_word' id='word_1_193' title='bbox 911 3211 1037 3282; x_wconf 78' lang='grc' dir='ltr'>Εὐφήτης</span> <span class='ocrx_word' id='word_1_194' title='bbox 1058 3213 1114 3267; x_wconf 84' lang='grc' dir='ltr'>κτλ.</span> 
     </span>
     <span class='ocr_line' id='line_1_27' title="bbox 205 3295 1343 3374; baseline 0.003 -24"><span class='ocrx_word' id='word_1_195' title='bbox 205 3297 313 3350; x_wconf 84' lang='lat' dir='ltr'>Neutro</span> <span class='ocrx_word' id='word_1_196' title='bbox 337 3299 394 3374; x_wconf 90' lang='lat' dir='ltr'>loco</span> <span class='ocrx_word' id='word_1_197' title='bbox 419 3316 467 3367; x_wconf 89' lang='lat' dir='ltr'>pro</span> <span class='ocrx_word' id='word_1_198' title='bbox 490 3297 538 3367; x_wconf 68' lang='grc' dir='ltr'>τηίι</span> <span class='ocrx_word' id='word_1_199' title='bbox 563 3295 629 3366; x_wconf 73' lang='grc' dir='ltr'>ἄγετ’</span> <span class='ocrx_word' id='word_1_200' title='bbox 656 3303 704 3352; x_wconf 89' lang='lat' dir='ltr'>aut</span> <span class='ocrx_word' id='word_1_201' title='bbox 728 3296 824 3368; x_wconf 75' lang='grc' dir='ltr'>ἤγαγεν</span> <span class='ocrx_word' id='word_1_202' title='bbox 847 3315 924 3368; x_wconf 89' lang='lat' dir='ltr'>posse</span> <span class='ocrx_word' id='word_1_203' title='bbox 949 3298 1064 3368; x_wconf 71' lang='grc' dir='ltr'>τηλόθεν</span> <span class='ocrx_word' id='word_1_204' title='bbox 1082 3300 1225 3364; x_wconf 90' lang='lat' dir='ltr'>substitui,</span> <span class='ocrx_word' id='word_1_205' title='bbox 1250 3301 1343 3353; x_wconf 91' lang='lat' dir='ltr'>nisisi</span> 
     </span>
    </p>
   </div>
   <div class='ocr_carea' id='block_1_5' title="bbox 204 3383 1426 3453">
    <p class='ocr_par' dir='ltr' id='par_1_8' title="bbox 204 3383 1426 3453">
     <span class='ocr_line' id='line_1_28' title="bbox 204 3383 1426 3453; baseline 0.002 -17"><span class='ocrx_word' id='word_1_206' title='bbox 204 3383 349 3438; x_wconf 84' lang='lat' dir='ltr'>deleantur</span> <span class='ocrx_word' id='word_1_207' title='bbox 371 3386 413 3439; x_wconf 86' lang='lat' dir='ltr'>vel</span> <span class='ocrx_word' id='word_1_208' title='bbox 436 3401 543 3453; x_wconf 89' lang='lat' dir='ltr'>prorsus</span> <span class='ocrx_word' id='word_1_209' title='bbox 568 3385 646 3438; x_wconf 87' lang='lat' dir='ltr'>aliter</span> <span class='ocrx_word' id='word_1_210' title='bbox 670 3387 868 3439; x_wconf 78' lang='lat' dir='ltr'>conformentur</span> <span class='ocrx_word' id='word_1_211' title='bbox 891 3402 982 3440; x_wconf 89' lang='lat' dir='ltr'>versus</span> <span class='ocrx_word' id='word_1_212' title='bbox 1011 3389 1060 3439; x_wconf 91' lang='lat' dir='ltr'>aut</span> <span class='ocrx_word' id='word_1_213' title='bbox 1083 3385 1270 3440; x_wconf 74' lang='lat' dir='ltr'>antecedentes</span> <span class='ocrx_word' id='word_1_214' title='bbox 1294 3391 1342 3439; x_wconf 88' lang='lat' dir='ltr'>aut</span> <span class='ocrx_word' id='word_1_215' title='bbox 1423 3387 1426 3394; x_wconf 86' lang='lat'>&#39;</span> 
     </span>
    </p>
   </div>
   <div class='ocr_carea' id='block_1_6' title="bbox 204 3471 1346 4407">
    <p class='ocr_par' dir='ltr' id='par_1_9' title="bbox 204 3471 1343 4146">
     <span class='ocr_line' id='line_1_29' title="bbox 207 3471 1342 3542; baseline 0.003 -19"><span class='ocrx_word' id='word_1_216' title='bbox 207 3471 400 3540; x_wconf 84' lang='lat' dir='ltr'>subsequentes</span> <span class='ocrx_word' id='word_1_217' title='bbox 418 3473 447 3525; x_wconf 91' lang='lat' dir='ltr'>in</span> <span class='ocrx_word' id='word_1_218' title='bbox 465 3473 606 3541; x_wconf 85' lang='lat' dir='ltr'>propatulo</span> <span class='ocrx_word' id='word_1_219' title='bbox 625 3475 674 3526; x_wconf 89' lang='lat' dir='ltr'>est.</span> <span class='ocrx_word' id='word_1_220' title='bbox 710 3472 892 3536; x_wconf 85' lang='lat' dir='ltr'>Aristarchus,</span> <span class='ocrx_word' id='word_1_221' title='bbox 911 3473 986 3526; x_wconf 92' lang='lat' dir='ltr'>cuius</span> <span class='ocrx_word' id='word_1_222' title='bbox 1004 3476 1099 3542; x_wconf 88' lang='lat' dir='ltr'>utpote</span> <span class='ocrx_word' id='word_1_223' title='bbox 1112 3473 1237 3541; x_wconf 80' lang='lat' dir='ltr'>magistri</span> <span class='ocrx_word' id='word_1_224' title='bbox 1251 3489 1342 3526; x_wconf 86' lang='lat' dir='ltr'>recen·</span> 
     </span>
     <span class='ocr_line' id='line_1_30' title="bbox 204 3558 1342 3628; baseline 0.001 -17"><span class='ocrx_word' id='word_1_225' title='bbox 204 3559 284 3611; x_wconf 92' lang='lat' dir='ltr'>sione</span> <span class='ocrx_word' id='word_1_226' title='bbox 303 3558 495 3628; x_wconf 87' lang='lat' dir='ltr'>Apollodorum</span> <span class='ocrx_word' id='word_1_227' title='bbox 514 3575 591 3611; x_wconf 90' lang='lat' dir='ltr'>usum</span> <span class='ocrx_word' id='word_1_228' title='bbox 604 3575 661 3612; x_wconf 89' lang='lat' dir='ltr'>esse</span> <span class='ocrx_word' id='word_1_229' title='bbox 674 3560 816 3612; x_wconf 87' lang='lat' dir='ltr'>verisimile</span> <span class='ocrx_word' id='word_1_230' title='bbox 830 3563 880 3623; x_wconf 84' lang='lat' dir='ltr'>est,</span> <span class='ocrx_word' id='word_1_231' title='bbox 898 3562 926 3612; x_wconf 89' lang='lat' dir='ltr'>et</span> <span class='ocrx_word' id='word_1_232' title='bbox 938 3558 1087 3612; x_wconf 89' lang='lat' dir='ltr'>Zenodotus</span> <span class='ocrx_word' id='word_1_233' title='bbox 1102 3562 1129 3612; x_wconf 89' lang='lat' dir='ltr'>et</span> <span class='ocrx_word' id='word_1_234' title='bbox 1141 3558 1342 3627; x_wconf 84' lang='lat' dir='ltr'>Aristophanes,</span> 
     </span>
     <span class='ocr_line' id='line_1_31' title="bbox 210 3644 1342 3714; baseline 0.001 -16"><span class='ocrx_word' id='word_1_235' title='bbox 210 3648 344 3713; x_wconf 90' lang='lat' dir='ltr'>quantum</span> <span class='ocrx_word' id='word_1_236' title='bbox 369 3661 400 3698; x_wconf 84' lang='lat' dir='ltr'>ex</span> <span class='ocrx_word' id='word_1_237' title='bbox 420 3644 529 3698; x_wconf 88' lang='lat' dir='ltr'>scholiis</span> <span class='ocrx_word' id='word_1_238' title='bbox 555 3645 647 3712; x_wconf 85' lang='lat' dir='ltr'>colligi</span> <span class='ocrx_word' id='word_1_239' title='bbox 666 3648 770 3714; x_wconf 88' lang='lat' dir='ltr'>potest,</span> <span class='ocrx_word' id='word_1_240' title='bbox 795 3661 885 3698; x_wconf 87' lang='lat' dir='ltr'>versus</span> <span class='ocrx_word' id='word_1_241' title='bbox 909 3646 969 3699; x_wconf 90' lang='lat' dir='ltr'>illos</span> <span class='ocrx_word' id='word_1_242' title='bbox 987 3662 1040 3698; x_wconf 91' lang='lat' dir='ltr'>non</span> <span class='ocrx_word' id='word_1_243' title='bbox 1058 3645 1136 3698; x_wconf 88' lang='lat' dir='ltr'>aliter</span> <span class='ocrx_word' id='word_1_244' title='bbox 1154 3644 1294 3698; x_wconf 89' lang='lat' dir='ltr'>ediderunt</span> <span class='ocrx_word' id='word_1_245' title='bbox 1311 3662 1342 3699; x_wconf 88' lang='lat' dir='ltr'>ac</span> 
     </span>
     <span class='ocr_line' id='line_1_32' title="bbox 208 3730 1342 3800; baseline -0.001 -15"><span class='ocrx_word' id='word_1_246' title='bbox 208 3747 258 3785; x_wconf 88' lang='lat' dir='ltr'>nos</span> <span class='ocrx_word' id='word_1_247' title='bbox 276 3732 305 3785; x_wconf 90' lang='lat' dir='ltr'>in</span> <span class='ocrx_word' id='word_1_248' title='bbox 323 3731 457 3785; x_wconf 89' lang='lat' dir='ltr'>codicibus</span> <span class='ocrx_word' id='word_1_249' title='bbox 475 3731 603 3798; x_wconf 85' lang='lat' dir='ltr'>legimus;</span> <span class='ocrx_word' id='word_1_250' title='bbox 624 3747 708 3800; x_wconf 91' lang='lat' dir='ltr'>neque</span> <span class='ocrx_word' id='word_1_251' title='bbox 727 3731 798 3784; x_wconf 90' lang='lat' dir='ltr'>enim</span> <span class='ocrx_word' id='word_1_252' title='bbox 816 3731 947 3798; x_wconf 87' lang='lat' dir='ltr'>Didymus</span> <span class='ocrx_word' id='word_1_253' title='bbox 965 3747 1050 3800; x_wconf 85' lang='lat' dir='ltr'>neque</span> <span class='ocrx_word' id='word_1_254' title='bbox 1068 3730 1237 3783; x_wconf 85' lang='lat' dir='ltr'>Aristonicus</span> <span class='ocrx_word' id='word_1_255' title='bbox 1261 3731 1342 3784; x_wconf 88' lang='lat' dir='ltr'>ullam</span> 
     </span>
     <span class='ocr_line' id='line_1_33' title="bbox 206 3815 1343 3887; baseline 0 -17"><span class='ocrx_word' id='word_1_256' title='bbox 206 3815 353 3871; x_wconf 80' lang='lat' dir='ltr'>adnotavit</span> <span class='ocrx_word' id='word_1_257' title='bbox 377 3819 526 3887; x_wconf 83' lang='lat' dir='ltr'>scripturae</span> <span class='ocrx_word' id='word_1_258' title='bbox 551 3816 767 3886; x_wconf 86' lang='lat' dir='ltr'>discrepantiam.</span> <span class='ocrx_word' id='word_1_259' title='bbox 802 3817 899 3887; x_wconf 87' lang='lat' dir='ltr'>Itaque</span> <span class='ocrx_word' id='word_1_260' title='bbox 917 3835 947 3870; x_wconf 89' lang='lat' dir='ltr'>eo</span> <span class='ocrx_word' id='word_1_261' title='bbox 966 3818 1080 3870; x_wconf 91' lang='lat' dir='ltr'>inclinat</span> <span class='ocrx_word' id='word_1_262' title='bbox 1097 3817 1201 3870; x_wconf 87' lang='lat' dir='ltr'>animos</span> <span class='ocrx_word' id='word_1_263' title='bbox 1219 3833 1293 3870; x_wconf 86' lang='lat' dir='ltr'>meus</span> <span class='ocrx_word' id='word_1_264' title='bbox 1312 3820 1343 3871; x_wconf 90' lang='lat' dir='ltr'>ut</span> 
     </span>
     <span class='ocr_line' id='line_1_34' title="bbox 206 3903 1343 3974; baseline -0.001 -17"><span class='ocrx_word' id='word_1_265' title='bbox 206 3904 403 3974; x_wconf 81' lang='lat' dir='ltr'>Apollodorum</span> <span class='ocrx_word' id='word_1_266' title='bbox 423 3921 527 3957; x_wconf 87' lang='lat' dir='ltr'>versum</span> <span class='ocrx_word' id='word_1_267' title='bbox 549 3904 626 3957; x_wconf 92' lang='lat' dir='ltr'>illum</span> <span class='ocrx_word' id='word_1_268' title='bbox 649 3921 663 3957; x_wconf 95' lang='lat' dir='ltr'>e</span> <span class='ocrx_word' id='word_1_269' title='bbox 687 3904 814 3956; x_wconf 89' lang='lat' dir='ltr'>memoria</span> <span class='ocrx_word' id='word_1_270' title='bbox 832 3905 872 3956; x_wconf 82' lang='lat' dir='ltr'>ita</span> <span class='ocrx_word' id='word_1_271' title='bbox 890 3903 1026 3971; x_wconf 89' lang='lat' dir='ltr'>scripsisse</span> <span class='ocrx_word' id='word_1_272' title='bbox 1044 3906 1178 3966; x_wconf 84' lang='lat' dir='ltr'>statuam,</span> <span class='ocrx_word' id='word_1_273' title='bbox 1203 3903 1343 3972; x_wconf 88' lang='lat' dir='ltr'>deceptum</span> 
     </span>
     <span class='ocr_line' id='line_1_35' title="bbox 206 3989 1051 4058; baseline 0 -14"><span class='ocrx_word' id='word_1_274' title='bbox 206 3993 279 4045; x_wconf 79' lang='lat' dir='ltr'>alius</span> <span class='ocrx_word' id='word_1_275' title='bbox 298 4007 389 4045; x_wconf 87' lang='lat' dir='ltr'>versus</span> <span class='ocrx_word' id='word_1_276' title='bbox 408 3989 593 4054; x_wconf 87' lang='lat' dir='ltr'>similitudine,</span> <span class='ocrx_word' id='word_1_277' title='bbox 611 3990 696 4058; x_wconf 86' lang='lat' dir='ltr'>qualis</span> <span class='ocrx_word' id='word_1_278' title='bbox 715 4007 754 4043; x_wconf 88' lang='lat' dir='ltr'>ex.</span> <span class='ocrx_word' id='word_1_279' title='bbox 773 3990 863 4057; x_wconf 89' lang='lat' dir='ltr'>gratia</span> <span class='ocrx_word' id='word_1_280' title='bbox 881 3993 922 4043; x_wconf 91' lang='lat' dir='ltr'>est</span> <span class='ocrx_word' id='word_1_281' title='bbox 942 3989 965 4043; x_wconf 93' lang='lat' dir='ltr'>B</span> <span class='ocrx_word' id='word_1_282' title='bbox 985 3990 1051 4044; x_wconf 77' lang='lat'>857:</span> 
     </span>
     <span class='ocr_line' id='line_1_36' title="bbox 382 4072 1123 4146; baseline 0.004 -18"><span class='ocrx_word' id='word_1_283' title='bbox 382 4077 504 4146; x_wconf 77' lang='grc' dir='ltr'>Τηλόθεν</span> <span class='ocrx_word' id='word_1_284' title='bbox 521 4077 548 4140; x_wconf 75' lang='grc' dir='ltr'>ἐξ</span> <span class='ocrx_word' id='word_1_285' title='bbox 567 4074 694 4145; x_wconf 76' lang='grc' dir='ltr'>Ἀλύβης,</span> <span class='ocrx_word' id='word_1_286' title='bbox 713 4072 780 4133; x_wconf 72' lang='grc' dir='ltr'>ὅθεν</span> <span class='ocrx_word' id='word_1_287' title='bbox 798 4075 911 4146; x_wconf 86' lang='grc' dir='ltr'>οίργόρου</span> <span class='ocrx_word' id='word_1_288' title='bbox 930 4077 985 4132; x_wconf 74' lang='grc' dir='ltr'>ἐστὶ</span> <span class='ocrx_word' id='word_1_289' title='bbox 1002 4076 1123 4146; x_wconf 77' lang='grc' dir='ltr'>γενέθλη.</span> 
     </span>
    </p>

    <p class='ocr_par' dir='ltr' id='par_1_10' title="bbox 205 4164 1346 4407">
     <span class='ocr_line' id='line_1_37' title="bbox 206 4164 1345 4235; baseline -0.001 -17"><span class='ocrx_word' id='word_1_290' title='bbox 206 4164 311 4230; x_wconf 74' lang='lat' dir='ltr'>Quodsi</span> <span class='ocrx_word' id='word_1_291' title='bbox 329 4179 390 4217; x_wconf 85' lang='lat' dir='ltr'>vero</span> <span class='ocrx_word' id='word_1_292' title='bbox 410 4164 505 4218; x_wconf 83' lang='lat' dir='ltr'>Strabo</span> <span class='ocrx_word' id='word_1_293' title='bbox 523 4165 552 4217; x_wconf 93' lang='lat' dir='ltr'>in</span> <span class='ocrx_word' id='word_1_294' title='bbox 570 4164 647 4229; x_wconf 88' lang='lat' dir='ltr'>VIII,</span> <span class='ocrx_word' id='word_1_295' title='bbox 667 4165 728 4224; x_wconf 84' lang='lat'><strong>338.</strong></span> <span class='ocrx_word' id='word_1_296' title='bbox 752 4165 797 4218; x_wconf 92' lang='lat' dir='ltr'>ubi</span> <span class='ocrx_word' id='word_1_297' title='bbox 816 4165 917 4235; x_wconf 82' lang='lat' dir='ltr'>Scepsii</span> <span class='ocrx_word' id='word_1_298' title='bbox 935 4165 1037 4233; x_wconf 85' lang='lat' dir='ltr'>profert</span> <span class='ocrx_word' id='word_1_299' title='bbox 1053 4164 1265 4233; x_wconf 82' lang='lat' dir='ltr'>explicationem,</span> <span class='ocrx_word' id='word_1_300' title='bbox 1283 4165 1345 4217; x_wconf 85' lang='lat' dir='ltr'>vul-</span> 
     </span>
     <span class='ocr_line' id='line_1_38' title="bbox 205 4251 1346 4320; baseline 0 -16"><span class='ocrx_word' id='word_1_301' title='bbox 205 4255 304 4318; x_wconf 81' lang='lat' dir='ltr'>gatam</span> <span class='ocrx_word' id='word_1_302' title='bbox 322 4251 411 4305; x_wconf 90' lang='lat' dir='ltr'>reddit</span> <span class='ocrx_word' id='word_1_303' title='bbox 428 4268 518 4304; x_wconf 86' lang='lat' dir='ltr'>versus</span> <span class='ocrx_word' id='word_1_304' title='bbox 537 4252 658 4316; x_wconf 84' lang='lat' dir='ltr'>formam,</span> <span class='ocrx_word' id='word_1_305' title='bbox 678 4251 723 4304; x_wconf 91' lang='lat' dir='ltr'>illo</span> <span class='ocrx_word' id='word_1_306' title='bbox 743 4253 801 4304; x_wconf 93' lang='lat' dir='ltr'>loco</span> <span class='ocrx_word' id='word_1_307' title='bbox 819 4253 907 4320; x_wconf 92' lang='lat' dir='ltr'>ipsum</span> <span class='ocrx_word' id='word_1_308' title='bbox 919 4251 1064 4320; x_wconf 85' lang='lat' dir='ltr'>inspexisse</span> <span class='ocrx_word' id='word_1_309' title='bbox 1079 4251 1189 4304; x_wconf 87' lang='lat' dir='ltr'>Homeri</span> <span class='ocrx_word' id='word_1_310' title='bbox 1201 4251 1346 4320; x_wconf 81' lang='lat' dir='ltr'>exemplar,</span> 
     </span>
     <span class='ocr_line' id='line_1_39' title="bbox 206 4337 964 4407; baseline 0 -17"><span class='ocrx_word' id='word_1_311' title='bbox 206 4338 255 4392; x_wconf 85' lang='lat' dir='ltr'>iric</span> <span class='ocrx_word' id='word_1_312' title='bbox 273 4337 431 4406; x_wconf 88' lang='lat' dir='ltr'>Apollodori</span> <span class='ocrx_word' id='word_1_313' title='bbox 449 4354 564 4390; x_wconf 88' lang='lat' dir='ltr'>errorem</span> <span class='ocrx_word' id='word_1_314' title='bbox 582 4355 635 4391; x_wconf 89' lang='lat' dir='ltr'>non</span> <span class='ocrx_word' id='word_1_315' title='bbox 653 4338 872 4392; x_wconf 85' lang='lat' dir='ltr'>animadvertisse</span> <span class='ocrx_word' id='word_1_316' title='bbox 890 4342 964 4407; x_wconf 91' lang='lat' dir='ltr'>puto.</span> 
     </span>
    </p>
   </div>
   <div class='ocr_carea' id='block_1_7' title="bbox 1133 4433 1165 4486">
    <p class='ocr_par' dir='ltr' id='par_1_11' title="bbox 1133 4433 1165 4486">
     <span class='ocr_line' id='line_1_40' title="bbox 1133 4433 1165 4486; baseline 0 -20"><span class='ocrx_word' id='word_1_317' title='bbox 1133 4433 1165 4486; x_wconf 67' lang='lat'>2*</span> 
     </span>
    </p>
   </div>
   <div class='ocr_carea' id='block_1_8' title="bbox 0 0 1542 5202">
    <p class='ocr_par' dir='ltr' id='par_1_12' title="bbox 0 0 1542 5202">
     <span class='ocr_line' id='line_1_41' title="bbox 0 0 1542 5202; baseline 0 0"><span class='ocrx_word' id='word_1_318' title='bbox 0 0 1542 5202; x_wconf 95' lang='lat' dir='ltr'> </span> 
     </span>
    </p>
   </div>
  </div>
 </body>
</html>
