3068 5202
641 425 827 484 -9-.

627 606 829 670 Aristarchus

655 705 696 750 s
773 705 812 756 N

500 761 680 830 Demetrius
809 768 1033 832 Parmeniscus
1109 819 1110 824 η

509 857 837 1102 Αροίἰὶοάονιχοβ

456 1144 460 1153 ·
560 1103 668 1192 Strabo
691 1103 849 1184 Didymus

689 1192 923 1357 Edaphroditus

690 1359 878 1524 Stbphanus.

167 1556 235 1620 Iam
258 1561 391 1620 stemma
421 1559 506 1640 quod
536 1562 629 1623 modo
657 1561 810 1642 descripsi
839 1562 909 1623 aliis
940 1558 1102 1622 illustrabo
1139 1556 1297 1637 exemplis

168 1677 262 1738 etita
285 1677 423 1758 quidem,
447 1683 482 1740 ut
501 1681 628 1744 inverso
658 1681 766 1744 ordIne
795 1679 833 1742 ab
856 1683 925 1763 ipso
948 1678 1130 1742 Aristarcho
1155 1674 1298 1757 proficis-

167 1818 226 1861 car.
271 1796 303 1858 Is
335 1799 419 1859 cuim
448 1800 483 1860 in
512 1783 748 1862 commentariis
774 1799 954 1863 Homericis
989 1797 1187 1876 Oechaliam,
1216 1814 1297 1878 quae

167 1917 217 1979 bis
239 1916 276 1998 (B
304 1918 363 1980 596
387 1923 419 1980 et
441 1919 511 1997 750)
536 1927 813 2000 commemoratur,
833 1927 969 2001 utroquo
992 1918 1060 1980 loco
1083 1914 1297 1978 Thessalicam

167 2034 278 2097 urbem
310 2036 555 2118 intellegendam
588 2055 659 2100 esse
692 2037 814 2117 docuit,
848 2040 960 2098 neutro
991 2035 1182 2114 Euboicam,
1216 2053 1297 2115 quae

168 2156 349 2216 recentioris
372 2156 479 2236 opicae
501 2175 634 2237 poeseos
656 2157 739 2218 tama
758 2156 912 2218 inclaruit.
959 2155 1003 2218 Oi.
1026 2155 1242 2217 Aristonicum
1257 2153 1297 2214 ad

170 2271 198 2333 B
224 2273 301 2335 596:
356 2273 554 2358 Οἰχαλίηθεν·
579 2271 627 2336 ὅτι
656 2273 824 2348 Θεσσαλίας
849 2269 868 2344 ἡ
900 2273 1031 2357 Οἰχαλία
1059 2269 1128 2334 καθ’
1157 2269 1296 2356 Ὅμηρον.

168 2396 195 2452 οἱ
217 2383 251 2452 δὲ
273 2383 411 2479 νεώτεροι
433 2390 474 2454 ἐπ’
498 2391 624 2473 Εὐβοίας
637 2385 832 2462 πεποιήκασιν
848 2395 883 2455 A.
901 2398 932 2456 ct
945 2393 1025 2456 adB
1044 2394 1118 2454 730:
1143 2391 1295 2475 Οἰχαλίην·

166 2509 215 2574 ὅτι
235 2509 270 2573 οὐ
291 2517 345 2586 τῆς
364 2510 492 2593 Εὐβοίας
512 2507 675 2597 ἡΟἰχαλία
697 2512 766 2574 καθ’
787 2511 928 2599 Ὅμηρον,
952 2507 992 2585 ὡς
1013 2506 1093 2598 παρὰ
1111 2521 1173 2583 τοῖς
1189 2509 1296 2572 νεωτέ-

167 2753 275 2806 Aeoliae
299 2753 388 2806 vicum
417 2770 449 2806 ex
476 2753 563 2807 Strab.
582 2753 665 2816 VIII,
686 2753 737 2806 338
762 2753 878 2821 petitum
900 2769 964 2822 esse,
990 2768 1076 2805 errare
1097 2751 1165 2804 mibi
1180 2749 1295 2803 videtur.

166 2838 287 2891 PrImum
311 2839 381 2892 enirn
405 2841 558 2893 accuratius
577 2838 715 2893 Strabonis
735 2841 823 2894 locum
844 2840 867 2892 si
886 2839 1008 2908 inspicis:
1031 2833 1109 2891 Ἔστι
1127 2833 1155 2890 δὲ
1173 2844 1296 2902 καὶπερὶ

163 2923 287 2977 Σικυῶνα
305 2925 431 2994 Σείίήειί
454 2925 575 2994 ποταμὸς
599 2935 643 2978 καὶ
657 2923 763 2994 Ἔφυρα
787 2926 900 2994 πλησίον
917 2924 1002 2995 κώμη,
1027 2933 1070 2979 καὶ
1089 2923 1117 2978 ἐν
1135 2923 1167 2996 τῇ
1187 2921 1296 2992 Ἀργείᾳ

164 3007 210 3077 τῆς
222 3008 355 3067 Αἰτωλίας
367 3009 475 3082 Ἔφοροι
489 3006 573 3081 ariph,
593 3010 622 3066 οἱ
636 3010 657 3064 δ’
672 3011 716 3066 ἀπ’
742 3011 786 3082 τῆς
807 3009 934 3082 Ἔφοροι·
958 3021 1003 3066 καί
1027 3007 1103 3066 ἄλλοι
1126 3007 1158 3064 οἰ
1177 3013 1297 3078 Περραι-

162 3099 219 3166 βῶν
243 3097 308 3168 apris
326 3097 491 3168 Μακεδονίᾳ.
515 3109 558 3153 καὶ
578 3101 762 3167 Κραννοὺνιοι,
782 3108 826 3152 καὶ
846 3097 873 3153 οἱ
889 3103 1070 3168 &conpererant
1088 3095 1116 3151 οἱ
1130 3097 1158 3151 ἐκ
1176 3095 1296 3165 Κιχιίρου

163 3185 211 3252 τῆς
228 3185 359 3255 πρότερον
376 3184 503 3255 Ἐφόροις,
524 3187 619 3240 statim
637 3189 756 3255 apparet,
775 3187 890 3240 indIcem
911 3187 950 3239 lta
969 3187 1124 3253 corruptum
1143 3200 1174 3237 ac
1192 3199 1297 3252 perver-

164 3287 223 3324 sum
242 3289 307 3335 csse,
327 3275 358 3324 ut
378 3271 411 3324 ab
429 3273 487 3340 ipso
507 3273 638 3326 Strabone
658 3272 824 3340 conscriptus
841 3289 898 3324 esse
917 3271 1023 3324 omnino
1043 3286 1097 3323 non
1114 3269 1206 3337 possit.
1243 3267 1297 3320 Ne·

166 3374 216 3426 que
235 3359 303 3410 enim
318 3358 421 3426 Ephyri
435 3359 581 3413 Grannonii
600 3358 695 3411 diversi
707 3358 821 3427 putandi
834 3361 898 3410 sunt
910 3374 926 3410 a
939 3355 1095 3410 Perrhaebis
1115 3354 1159 3422 (ef.
1172 3353 1298 3406 Meinelrii

165 3443 270 3497 Vindio.
289 3445 377 3498 Strab.
396 3462 421 3514 p.
436 3446 504 3508 102),
529 3449 557 3499 et
581 3445 756 3514 Thesprotiae
776 3444 982 3512 Thessalicaque
1000 3442 1110 3511 Ephyra
1133 3457 1149 3494 a
1167 3438 1298 3494 Strabone
1372 3491 1374 3500 ,

164 3530 218 3582 iam
243 3531 271 3584 in
299 3533 434 3600 superiore
465 3531 552 3585 indict
577 3535 746 3585 enumeratae
772 3531 888 3593 fuerunt,
915 3533 943 3583 et
967 3528 1106 3596 Sicyonica
1129 3531 1157 3580 et
1175 3526 1298 3582 Aetolica

166 3632 272 3684 prorsus
291 3618 316 3670 ei
334 3619 443 3686 ignotae
462 3619 543 3672 fuisse
562 3617 693 3680 videntur,
713 3634 773 3670 cum
792 3617 829 3670 als
848 3615 954 3686 quidem
971 3616 1045 3678 loeis,
1065 3613 1111 3667 ubi
1128 3613 1169 3666 rel
1183 3612 1297 3664 maxime

168 3704 412 3758 commemorandae
439 3707 529 3768 arant,
554 3704 678 3758 videlicet
704 3705 732 3757 in
757 3703 925 3757 enarratione
952 3700 1092 3769 Sicyoniae
1116 3702 1144 3752 et
1166 3698 1297 3760 Aetoliae,

166 3789 272 3842 omnino
290 3792 550 3858 praetermIttantur.
587 3790 700 3844 Accedit
718 3790 788 3859 quod
805 3790 926 3843 additum
944 3785 1011 3842 illud
1028 3785 1151 3840 ἕθνικόνε
1170 3781 1197 3839 οἱ
1213 3781 1235 3838 d
1251 3780 1296 3838 ἀπ’

165 3872 374 3946 αὐτῆςἝφυροι
390 3894 442 3930 non
462 3878 609 3941 Strabonis,
628 3877 674 3931 sed
692 3878 823 3945 Stephani
840 3877 930 3946 potius
947 3875 1079 3929 rationem
1096 3871 1207 3933 redolet,
1226 3871 1297 3940 apud

164 3979 242 4032 quem
261 3965 390 4030 legimus:
408 3965 463 4018 ἔστι
480 3973 524 4018 καί
545 3962 621 4032 calpa
633 3961 767 4018 Αἰτωλίας
784 3961 898 4034 Ἐφύρα.
919 3959 949 4016 τί
966 3958 1077 4015 ἓθνικόν
1088 3955 1213 4028 Ἔφορος.
1240 3958 1298 4010 Ita·

163 4066 216 4118 que
233 4050 383 4104 Meinelrius
405 4043 553 4105 indiculum
578 4049 662 4112 illum.
690 4050 761 4119 apud
780 4050 937 4104 Strabonem
957 4051 1100 4109 servatum,
1124 4044 1297 4099 subditicium

163 4136 315 4190 arbitratur
332 4140 360 4190 et
380 4137 486 4192 aliunde
507 4138 648 4200 adscitum,
673 4137 796 4206 equidem
817 4154 877 4190 eum
897 4153 929 4190 er
946 4137 1052 4203 integro
1070 4132 1202 4201 Stephani
1220 4147 1298 4198 opere

163 4224 207 4277 rel
225 4241 256 4276 ex
277 4225 334 4277 eius
351 4225 425 4278 fonte
444 4242 460 4278 a
476 4227 569 4290 stulto,
589 4224 635 4278 sed
654 4241 706 4279 non
724 4224 831 4278 indocto
850 4224 1041 4292 interpolatore
1059 4219 1224 4287 adscriptum
1241 4233 1298 4270 esse

163 4326 266 4379 opinor.
