3068 5202
245 1709 358 1820 Vetus
381 1761 445 1820 erat
465 1759 740 1840 grammaticorum
764 1758 953 1820 Graecorum
977 1757 1183 1836 consuetudo,
1206 1757 1241 1817 ut
1260 1756 1294 1815 in

163 1878 357 1964 quibuslibet
386 1877 618 1940 commentariis
650 1873 817 1962 ὁμωνυμίας
849 1879 1034 1940 adnotarent
1063 1882 1157 1959 atque
1193 1874 1294 1954 expli-

163 2004 278 2064 carent.
325 1999 386 2075 Qui
402 1999 531 2081 quidem
546 2017 615 2060 mos
630 1997 790 2080 profectus
806 2019 824 2060 a
837 1998 915 2059 locis
931 1997 1084 2077 obscuris,
1108 1997 1164 2078 qui
1178 1996 1294 2055 iustam
1333 2028 1337 2036 ·

162 2121 407 2201 explicationem
428 2117 621 2199 flagitabant,
643 2137 720 2179 mox
734 2120 841 2178 tamen
856 2117 949 2178 latius
966 2133 1091 2198 serpere
1114 2118 1146 2175 et
1165 2114 1208 2174 ita
1223 2131 1296 2174 curn

163 2242 226 2300 tota
247 2239 520 2320 grammaticorum
542 2237 663 2298 ratione
686 2235 851 2297 cohaerere
875 2235 985 2315 coepit,
1012 2235 1048 2294 ut
1070 2234 1219 2315 quicum
1240 2249 1296 2292 ne-

161 2359 311 2441 glegeret,
329 2379 347 2420 a
362 2377 438 2420 vera
458 2356 683 2438 interpretandi
704 2358 769 2417 arte
783 2354 928 2416 recedere
951 2353 1152 2427 videretur1).
1188 2354 1295 2433 Atque

163 2477 312 2556 exempla
339 2475 467 2556 quidem
494 2475 590 2536 huius
620 2475 750 2536 rationis
772 2475 890 2556 reperis
914 2475 947 2534 in
971 2472 1139 2554 quibusvis
1167 2471 1294 2532 scholiis

161 2595 318 2656 lexicisve
349 2597 379 2655 et
410 2593 491 2675 apud
519 2593 571 2655 rel
604 2592 732 2654 infimae
777 2592 886 2654 aetatis
928 2592 1095 2671 scriptores
1110 2594 1140 2669 2).
1199 2589 1295 2652 Hunc

230 2853 257 2916 1)
275 2835 440 2919 Exemplum
457 2866 504 2918 pro
530 2850 622 2902 multis
645 2849 793 2902 adscribam
811 2865 901 2901 unum.
937 2847 979 2900 Ad
997 2847 1084 2915 Apoll.
1103 2847 1189 2899 Rhod.
1208 2849 1294 2913 Argo·

161 2942 236 2992 naut.
256 2938 309 3001 HI,
334 2937 399 2989 1085
420 2952 476 3004 sqq.

330 3023 384 3075 ἔστι
403 3039 440 3075 τις
459 3017 598 3075 αἰπεινοῖσι
617 3019 775 3090 περίδρομος
794 3017 880 3088 οίῖρεοι
897 3027 970 3091 γαῖα,

331 3107 446 3177 πάμπαν
462 3107 586 3177 ε’ὑρρηνός
605 3129 632 3162 τε
651 3117 694 3161 καί
712 3104 826 3176 εὔβοτος,
845 3110 913 3161 ἔνθα
932 3109 1097 3180 Προμηθείς

329 3192 522 3263 Ἰαπετιονίδης
540 3192 646 3265 ἀγαθον
665 3201 721 3248 τέκε
739 3194 918 3256 Δευκαλίωνα,

330 3277 358 3336 ος
375 3300 479 3350 apertos
497 3289 589 3350 ποίησε
607 3281 696 3334 πόλεις
714 3289 758 3334 καί
777 3279 898 3350 ἐδείματο
916 3279 992 3348 νηοιίς

331 3366 488 3431 ἀθανάτοις,
507 3367 610 3437 πρῶτος
631 3365 719 3421 δὲκαὶ
738 3364 891 3436 α’νθρνίττοιν
908 3369 1076 3437 βασίλευσεν.
1125 3359 1127 3362 ’

161 3455 229 3508 haec
247 3456 424 3508 adnotantur:
448 3453 475 3507 ἓν
495 3461 562 3510 τίνος
580 3453 701 3524 γυναικὸς
720 3452 734 3509 ὁ
753 3454 904 3508 Δευκαλίων
922 3455 1022 3530 ἐγένετο
1041 3459 1188 3525 Προμηθεῖ
1205 3457 1296 3510 οεοιοί-
1302 3468 1305 3478 ⁴

159 3559 259 3610 πηται·
277 3542 333 3594 ἔστι
350 3539 379 3594 δε·
394 3551 438 3594 καὶ
457 3542 715 3611 ξ”,τεροςΔενκαίιοιν
735 3549 794 3610 περὶ
814 3564 843 3596 ον
859 3539 1047 3597 Ἓίλιίνικος
1035 3549 1139 3614 ιοτορεῖ,
1159 3539 1296 3598 καίᾶίίίος

161 3650 175 3681 ο
167 3625 306 3691 Μίνωος,
324 3637 385 3697 περί
405 3622 435 3682 οὗ
453 3627 609 3698 Φερεκύδης,
629 3637 673 3682 καί
687 3625 838 3699 τέταρτοςο
851 3624 988 3698 Αβαντος,
1007 3652 1036 3683 ον
1027 3623 1209 3699 μνημονεύει
1228 3628 1296 3700 Ἀρί·

163 3731 275 3768 οτιααος
300 3714 329 3767 ἐν
347 3711 518 3783 Ἀρκαδικοῖς.
561 3716 622 3769 Etsi
646 3718 721 3769 totus
746 3716 939 3770 Deucalionem
965 3717 1043 3769 index
1069 3716 1102 3770 ad
1126 3718 1294 3786 explicandos

160 3802 256 3869 poetae
278 3818 369 3854 versus
392 3817 501 3870 prorsus
523 3801 582 3855 nihi
606 3803 691 3866 valet,
719 3819 779 3856 eum
798 3803 842 3856 hio
860 3803 987 3856 Deucalio
1005 3806 1115 3872 propter
1133 3803 1295 3859 attributum

160 3883 357 3955 Ἰαπετιονίδης
378 3904 438 3941 eum
457 3889 552 3942 ceteris
570 3888 697 3942 confundi
717 3905 771 3942 non
788 3889 881 3958 possit,
905 3891 997 3970 tamen
1015 3906 1105 3942 omnes
1123 3891 1295 3958 cognomines

158 3974 211 4028 hoc
231 3975 289 4027 loco
308 3974 499 4028 enumerandos
518 3992 574 4028 essa
592 3977 669 4028 vetus
687 3976 819 4043 interpres
838 3976 950 4040 censuit
966 3976 1093 4029 nimirum
1111 3977 1173 4045 quia
1192 3967 1220 4029 et
1238 3993 1295 4060 ma·

158 4059 244 4127 gistri
262 4059 319 4112 eius
339 4060 391 4112 et'
384 4076 440 4128 lpse
458 4062 498 4114 ita
515 4063 714 4115 consueverant.

233 4144 260 4213 2)
279 4145 371 4199 Pauca
389 4151 420 4200 ut
438 4149 507 4202 scias
526 4148 614 4218 qualia
632 4149 688 4202 sint
706 4143 824 4202 afferam
831 4151 957 4252 exempla.

233 4231 322 4286 Schol
342 4232 479 4302 Aristoph.
497 4235 568 4289 Nub
590 4235 663 4288 1022.
690 4231 867 4339 Ἀντίμαχος·
892 4229 966 4290 οὗτος
987 4253 1021 4289 τις
1040 4203 1184 4302 θηλύτητα
1204 4256 1296 4303 κωμῳ-

156 4315 245 4371 (lamb
263 4325 307 4370 καί
326 4315 481 4390 ἒύμθοφιαν
501 4321 556 4374 &lm
574 4318 602 4374 δὲ
619 4330 662 4374 καί
682 4318 769 4390 ἕτερος
788 4321 832 4375 tm·
850 4329 964 4391 πονηρίᾳ
976 4321 1196 4393 κωμῳδούμενος
1210 4327 1295 4389 τρίτος

1063 4420 1077 4471 1
