3068 5202
246 637 365 730 Ἄμφιος
395 637 448 706 duo
471 636 654 730 Περκώσιοι,
687 641 702 708 ὁ
728 647 780 728 μὲν
804 649 941 735 Μέροπος
969 648 1005 728 (Β
1029 649 1119 728 830),
1153 639 1225 708 ddi
1247 637 1394 730 Σελάγου

337 764 375 844 (u
400 766 471 843 cm)
487 767 517 844 ι).

249 880 400 967 Ἀμφίονες
424 874 486 960 δύο,
510 877 525 944 ὁ
550 883 602 968 μὲν
623 879 698 962 Διὸς,
721 876 824 954 Ζήθου
845 877 975 971 ἀδελφός
998 890 1027 967 (λ
1050 888 1132 968 262),
1160 881 1175 948 ὁ
1199 878 1233 946 δὲ
1251 876 1390 958 Ἰασλλης
1489 927 1490 936 2

336 1006 365 1081 p
388 999 504 1080 2113))

248 1117 397 1205 Ἀρηίθοοι
424 1130 513 1206 τρεῖς,
543 1115 632 1205 ὁμὲν
651 1113 768 1206 Ἀρκάς,
801 1115 816 1182 ὁ
843 1115 899 1184 ὑπὸ
924 1120 1072 1208 Νέστορος
1098 1113 1259 1205 λεγόμενος
1288 1124 1317 1182 ἐν
1343 1127 1389 1203 τῇ

336 1239 368 1302 Η
390 1241 486 1322 (137).

441 1349 536 1442 τεύχε’
565 1361 643 1442 ἔχων
665 1351 788 1441 ὤμοισιν.
810 1348 970 1443 Αρῃϊθὸοιο
993 1351 1130 1434 ἄνακτος,

337 1471 353 1537 ὁ
375 1468 410 1538 δὲ
432 1471 567 1548 Βοιωτὸς
589 1475 698 1537 ἐκείνου
721 1467 780 1548 οἰός
802 1476 847 1554 (Η
869 1479 909 1557 8),
932 1471 948 1539 ὁ
972 1468 1006 1537 δὲ
1025 1470 1152 1560 Ῥίγμοο
1174 1468 1315 1562 θεράπων
1328 1480 1359 1557 3).

254 1649 464 1658 *—

323 1730 629 1796 1)01,101101.,Β830;
653 1724 693 1783 ὅτι
712 1738 755 1782 καὶ
773 1730 859 1798 ἕτερος
875 1726 994 1799 ’Ἄμφιος
1014 1729 1167 1799 Περκιόοιος
1184 1728 1298 1784 Ἐλάτου
1323 1732 1388 1798 (leg.
1491 1719 1492 1724 ¹

253 1816 371 1870 Σελάόυ
401 1819 433 1870 A.

322 1838 348 1967 λ)
368 1820 408 1957 (λλ,
430 1902 513 1956 schol.
532 1902 625 1970 Odyss.
644 1909 663 1971 p
684 1903 748 1956 283:
773 1901 802 1957 οὗ
826 1901 871 1957 ror]
895 1903 986 1971 Ζήθου
1010 1882 1138 1971 ἀδελφολῖ·
1163 1905 1250 1972 ἕτερος
1272 1901 1323 1972 γάρ
1342 1895 1390 1957 ου-

253 2009 303 2044 τος.
327 1990 358 2042 Β.
393 1983 503 2056 Ἕτερος
528 1983 604 2043 οὗτος
626 1988 639 2043 ὁ
663 1988 789 2058 'Appius
807 1991 929 2057 Ἀργεῖος
952 1988 1054 2044 cidaris.
1074 1991 1106 2043 V.
1144 1991 1264 2053 Tertius,
1289 1991 1335 2058 qui
1358 1992 1389 2044 in

254 2077 332 2130 Iliad.
353 2076 380 2129 N
399 2077 449 2128 692
468 2080 691 2129 commemoratur
709 2077 821 2130 omissus
840 2081 894 2130 est:
921 2094 1006 2145 neque
1024 2077 1095 2129 enim
1113 2077 1286 2130 Aristarchus
1302 2076 1391 2144 Odys·

254 2179 314 2215 scae
334 2163 508 2228 homonymos
527 2165 678 2230 composuit
699 2179 758 2215 cum
777 2163 868 2215 Iliacis
886 2178 971 2231 neque
990 2164 1038 2215 hos
1057 2162 1193 2216 cumillis.
1221 2162 1388 2217 Cleandsm
1492 2169 1493 2180 ¹

253 2249 385 2302 rationem
403 2248 431 2300 iu
450 2248 495 2310 eis
515 2265 582 2315 quae
601 2249 634 2300 ad
653 2264 723 2300 voco.
742 2245 945 2314 Εὐρυμέδοντες,
967 2248 1092 2308 (Admotae,
1114 2248 1226 2302 Κλυτιόι
1253 2243 1386 2302 adnotati.

255 2335 328 2399 Quae
352 2350 413 2386 cum
437 2333 476 2386 ita
501 2335 566 2396 sint,
592 2351 644 2386 non
662 2334 834 2396 Aristarcho,
860 2333 906 2386 sed
923 2333 1043 2385 infcriori
1061 2335 1237 2400 grammatico
1256 2317 1400 2386 debentur'

256 2420 322 2474 hacc
344 2420 446 2473 scholia
470 2423 499 2471 ΙΙ
519 2421 567 2474 197
588 2421 624 2472 V:
650 2424 799 2488 Λαέρκεος
824 2417 962 2487 ὁμώνυμος
987 2416 1059 2486 αὐτῷ
1083 2417 1097 2472 ὁ
1124 2418 1224 2472 Πόλιος
1247 2419 1387 2487 χρυσοχόος

256 2513 280 2574 (y
299 2505 360 2564 4‘25)
380 2508 408 2558 et
432 2527 447 2558 κ
466 2508 482 2558 2
500 2506 538 2559 V:
563 2506 659 2560 Αἴολος
677 2504 731 2568 tto,
755 2504 769 2558 ό
786 2508 837 2574 μὲν
853 2504 982 2560 Ἱππότου
1002 2505 1047 2559 τοῦ
1065 2512 1205 2566 Μίμαντος
1225 2509 1249 2573 (κ
1269 2506 1304 2571 2),
1327 2502 1396 2558 ὀδό

250 2588 390 2658 Ἕλληνος,
410 2588 438 2645 ὃς
457 2585 489 2659 ἦν
509 2592 572 2646 Διός
592 2593 621 2657 (71
642 2593 709 2655 154),
735 2587 765 2646 οὗ
783 2601 828 2644 καὶ
846 2590 967 2646 Ἡσίοδος
984 2599 1125 2662 μέμνηται.

326 2679 354 2736 3)
372 2678 405 2730 In
423 2678 505 2731 schol.
519 2679 545 2730 H
560 2680 646 2732 138A
665 2679 716 2733 duo
735 2683 843 2732 tantum
861 2678 985 2732 Areithoi
1003 2682 1207 2747 componuntur,
1226 2693 1387 2746 quamquam

256 2767 320 2821 sunt
344 2763 414 2832 apud
435 2764 580 2821 Homerum
605 2768 672 2818 tres:
698 2760 741 2820 ότι
765 2759 840 2819 οὗτος
864 2763 878 2818 ό
902 2762 1050 2832 Ἀρηΐθοος
1073 2762 1173 2832 Ἀρκοὶς
1193 2761 1231 2814 νόν
1248 2760 1387 2831 ὁμώνυμός

256 2849 311 2904 ἐστι
337 2848 372 2914 τῷ
395 2848 513 2916 Βοιωτῷ.
556 2852 626 2903 Cave
651 2868 683 2903 nc
708 2851 759 2904 hoc
777 2850 928 2904 Aristarchi
954 2850 1123 2916 indiligentia
1141 2847 1243 2904 factum
1261 2864 1318 2902 esse
1337 2846 1389 2900 tibi
1494 2909 1495 2916 ¹

257 2937 350 3003 lingas.
386 2935 472 2988 Immo
492 2951 577 2996 error,
604 2936 627 2986 si
650 2935 757 3002 quidem
775 2951 847 2987 error
866 2934 918 2987 dici
937 2937 1039 3002 potest,
1066 2934 1098 2986 ad
1118 2935 1302 2992 Aristonicum
1321 2934 1363 2988 ref
1376 2963 1389 2975 -

259 3021 355 3074 rendus
381 3023 430 3082 cst,
454 3021 500 3087 qui
522 3020 573 3072 hoc
598 3021 655 3072 loco
682 3037 735 3073 non
753 3021 860 3089 plenum
879 3019 987 3073 reddere
1004 3018 1133 3083 indicem,
1158 3019 1204 3072 sed
1222 3020 1293 3074 huuc
1312 3020 1389 3073 Arei-

260 3108 355 3161 thoum
378 3106 411 3160 ab
437 3106 483 3158 illo
502 3105 603 3158 Boeoto
622 3105 788 3173 distinguere
807 3107 900 3159 voluit.
937 3105 1018 3159 Aliud
1037 3106 1221 3159 Aristoniceas
1239 3107 1388 3174 exemplum

259 3193 338 3262 idque
357 3191 526 3262 aptissimum
544 3192 625 3245 habes
643 3192 672 3245 in
686 3209 725 3254 eo,
744 3191 814 3260 quod
826 3191 860 3244 ad
873 3209 896 3245 v.
910 3191 1033 3259 Ὀρέστας
1051 3192 1189 3246 adnotavi:
1208 3193 1235 3245 in
1248 3192 1275 3245 N
1287 3193 1387 3260 primus

260 3282 368 3335 Orestes
387 3279 555 3347 componitur
573 3294 634 3332 cum
653 3280 745 3339 altero.
765 3279 793 3331 in
811 3278 833 3331 E
852 3278 923 3331 idem
942 3294 1002 3331 cum
1021 3280 1110 3332 tertio.

331 3365 438 3419 Scholio
459 3366 484 3417 H
504 3366 554 3419 138
571 3364 714 3434 respondet
731 3365 782 3418 hoc
799 3365 825 3416 Η
844 3365 860 3417 9
878 3366 916 3418 A:
935 3361 952 3432 ἡ
971 3361 1003 3425 d,
1022 3358 1156 3417 drausione
1176 3362 1222 3417 τοῦ
1239 3361 1388 3432 Ἀρηϊθόου

258 3450 398 3522 ὁμώνυμός
422 3451 477 3505 ἓοτς
499 3451 543 3505 τοῦ
570 3449 621 3504 ὑπὸ
647 3455 778 3518 Νὲοτορυς
803 3450 940 3520 λεγομένου
965 3448 1064 3514 “’τυόχε’
1084 3450 1150 3515 ἔχων
1173 3450 1252 3503 κτλ·ι
1288 3451 1320 3503 In
1339 3449 1390 3502 hoc

260 3538 361 3592 scholio
388 3536 512 3590 mendum
538 3538 624 3590 inesse
645 3553 723 3589 nemo
749 3536 873 3603 negabis
897 3551 959 3587 nam
977 3533 1115 3604 ὁμώνυμος
1134 3553 1150 3589 a
1168 3537 1313 3590 scholiasta
1329 3551 1389 3588 cum

260 3623 383 3691 genetiuo
408 3639 540 3691 nusquam
564 3622 736 3676 construitur.
776 3621 857 3674 Error
882 3621 922 3674 ita
946 3622 1073 3690 explicari
1095 3639 1172 3692 posse
1190 3623 1258 3675 mihi
1269 3621 1388 3674 ¹videtur.

261 3708 430 3763 Aristonicus
446 3709 606 3763 Areithoum
624 3724 714 3761 versus
733 3710 750 3760 8
767 3723 828 3760 cum
840 3707 969 3761 Areithoo
983 3724 1074 3761 versus
1088 3709 1138 3764 138
1151 3708 1278 3762 confundi
1291 3707 1389 3760 vetuit:

260 3796 337 3849 illum
362 3795 432 3848 euim
457 3811 513 3848 esse
531 3794 677 3857 Boeotum,
702 3794 774 3848 hunc
792 3792 931 3847 Arcadem.
967 3793 1081 3847 Accedit
1103 3794 1231 3862 temporis
1248 3793 1331 3856 ratio,
1355 3793 1391 3846 si-

261 3879 369 3950 quidem
386 3878 532 3949 κορυνήτης
549 3880 603 3943 111ο,
622 3896 700 3948 quem
719 3878 818 3933 occidit
836 3879 985 3946 Lycurgus,
1003 3884 1081 3948 pater
1098 3879 1244 3933 Menesthii
1260 3897 1317 3934 esse
1335 3897 1390 3933 om-

262 3967 325 4019 nino
351 3982 405 4018 non
428 3969 525 4035 potest.
563 3965 621 4030 Qua
638 3983 667 4019 re
684 3965 853 4018 Aristonicus
871 3964 938 4018 illud
956 3961 986 4018 ὃν
1003 3964 1148 4033 κορυνήτης
1166 3972 1269 4034 γείνατο
1287 3983 1340 4019 non
1358 3966 1391 4018 ad

262 4054 430 4112 Μενέσθιον,
461 4051 508 4104 sed
531 4051 564 4104 ad
587 4048 751 4120 Ἀρηϊθόοιο
775 4047 886 4105 ἄνακτος
911 4054 1033 4120 spectare
1059 4051 1162 4115 docuit,
1192 4056 1224 4106 ut
1247 4053 1390 4106 Areithous

263 4137 380 4205 claviger
397 4139 434 4191 sit
452 4154 524 4202 avus,
543 4138 697 4202 Areithous,
716 4155 762 4191 ror
774 4142 871 4201 Aruas,
890 4137 1017 4192 Boeotiae
1031 4137 1111 4200 urbis,
1124 4141 1209 4206 pater,
1226 4139 1390 4192 Menesthius

240 4290 243 4296 ,
263 4223 343 4276 lilius.
379 4223 547 4277 Aristonicus
558 4224 644 4290 igitur
655 4225 776 4293 scripsit:
795 4220 837 4278 ότι
857 4216 930 4277 οὗτος
950 4208 995 4277 τοῦ
1011 4223 1162 4294 Ἀρηϊθόου
1183 4221 1236 4279 οἰός
1254 4223 1390 4294 ὁμώνυμός

264 4309 335 4364 ἐστιν
353 4309 409 4362 κτλ.
428 4313 456 4362 et
476 4313 614 4379 excerptor
631 4310 795 4377 Byzantinus
813 4311 887 4364 facili
904 4327 991 4364 errore
1008 4310 1074 4364 illud
1094 4307 1147 4366 υἱός
1166 4312 1264 4366 omisit.
