3068 5202
693 465 730 474 .-
778 427 902 490 26-

232 605 285 673 τὸν
306 609 359 695 μὲν
377 609 601 696 Ἀγαμέμνονος,
621 606 675 674 τὸν
696 605 731 673 δὲ
748 605 931 685 Ὀδυσσέως.
981 611 1077 676 Porro
1109 613 1158 674 hic
1183 611 1362 674 adscriben-

233 731 310 793 dum
332 734 380 792 est
402 731 489 793 schol
508 731 538 793 N
561 732 622 793 643
650 731 767 795 BLV?
795 726 894 794 Ἔνιοι
920 737 1029 794 τοῦτον
1053 722 1185 816 ἐνόμιζον
1212 727 1282 792 εἶναι
1308 725 1362 792 τδν

233 849 263 908 ἐν
283 853 322 917 τῆ
344 849 371 910 Ε
394 851 481 932 (576)
506 848 717 935 ἀναιρεθέντα·

403 970 477 1029 ἔνθα
498 968 681 1054 Πυλαμένεα
703 970 809 1040 έλέτον
827 961 997 1032 ἀτάλαντον
1012 963 1103 1056 Ἄρηι,

403 1080 494 1172 ἄρχον
516 1080 740 1172 Παφλαγόνων.

234 1209 313 1267 έστιν
333 1199 383 1266 οὖν
405 1201 558 1292 ὁμωνυμία
573 1208 682 1269 ἐκείνου
699 1207 751 1293 μὲν
767 1203 909 1294 ἀρχοντος
924 1204 1016 1287 όντος,
1032 1201 1142 1272 τούτου
1158 1201 1192 1269 δὲ
1207 1208 1361 1288 βασιλέως.

231 1327 342 1386 πολλαὶ
363 1320 419 1410 γὰρ
438 1319 518 1410 παρά
538 1331 583 1406 τῷ
598 1332 707 1407 ποιητῇ
725 1320 901 1412 όμωνυμίαι·
936 1321 1058 1412 Σχεδίοι
1078 1323 1133 1413 γάρ
1152 1319 1215 1404 δύο,
1228 1327 1363 1389 Φωκέων

232 1435 428 1528 ἡ·ρούμενοι,ό
451 1443 504 1528 μὲν
518 1436 715 1531 Περιμιόδους,
740 1440 755 1506 6
776 1437 812 1507 δὲ
830 1443 955 1531 Ἰφίτου,
978 1444 1026 1519 οὓς
1040 1445 1226 1531 ἀμφοτέρους
1237 1444 1361 1532 Ἕκτωρ

232 1561 351 1650 ἀναιρεῖ.
406 1561 627 1649 Εὐρυμέδοντες
658 1556 711 1626 δύο
745 1558 866 1649 ἡνίοχοι,
901 1560 916 1626 6
945 1563 998 1650 μὲν
1025 1563 1249 1651 Ἀγαμέμνονος,
1268 1560 1297 1629 ,ὁ
1328 1557 1363 1625 δὲ

234 1683 393 1770 Νέστορος.
437 1675 571 1768 Κήρυκες
593 1675 764 1769 Εὐρυβάται
784 1676 849 1762 δύο,
874 1679 889 1746 6
913 1683 967 1768 μὲν
984 1677 1166 1762 Ὀδυσσέως,
1190 1680 1205 1746 6
1229 1678 1361 1768 δὲἈγα-

234 1801 383 1886 μέμνονος.
422 1796 580 1886 Ἄδραστοι
600 1812 676 1887 τρεῖς
709 1795 856 1890 βάρβαροι,
887 1798 903 1865 6
927 1800 980 1887 μὲν
1007 1798 1062 1865 ὑπὸ
1092 1795 1255 1888 Διομήδους
1282 1801 1362 1864 ἀναι-

234 1911 379 2006 ρούμενος,
402 1914 418 1982 6
441 1912 475 1982 δὲ
497 1914 553 1982 ὑπὸ
576 1912 740 2000 Μενελάου,
770 1917 785 1984 6
815 1914 849 1982 δὲ
876 1916 931 1984 ὑπὸ
961 1914 1154 2008 Πατρόκλου.
1180 1916 1362 2009 Ἀκάμαντες

233 2030 296 2117 δύο,
319 2035 335 2102 6
359 2038 412 2125 μέν
434 2031 585 2125 Εὐσώρου,
605 2034 620 2102 6
638 2032 673 2100 δὲ
691 2033 876 2128 Ἀντήνορος·
901 2032 1051 2103 ’Δστύνοοι
1081 2033 1150 2121 δύο,
1180 2037 1195 2105 ὁ
1225 2041 1277 2128 μὲν
1305 2037 1361 2104 ὑπὸ

234 2151 397 2244 Διομήδους
426 2151 644 2244 ἀναιρούμενος,
671 2153 687 2222 ὁ
720 2151 754 2220 δὲ
789 2151 1030 2244 Πολυδάμαντος
1070 2156 1195 2245 ἡνίοχος.
1248 2152 1365 2233 Θόωνες

234 2269 372 2364 βάρβαροι
392 2290 475 2366 τρεῖς,
500 2275 515 2342 6
539 2278 591 2364 μὲν
615 2274 670 2341 ύπὸ
694 2267 874 2364 Διομήδους,
896 2275 911 2342 6
934 2272 969 2340 δὲ
990 2274 1045 2341 ὑπὸ
1074 2273 1263 2358 Ὀδυσσέως,
1290 2275 1305 2342 6
1329 2273 1364 2340 δὲ

234 2392 290 2458 ὑπὸ
307 2390 479 2484 Ἀντιλόχου
502 2389 712 2484 ἀναιρούμενοι.
757 2390 944 2461 Μελάνιπποι
965 2409 1049 2485 τρεῖς,
1071 2394 1086 2460 6
1112 2397 1165 2484 μὲν
1179 2393 1235 2460 ὑπὸ
1247 2396 1362 2459 Ἕκτο-

234 2539 281 2601 ρος
302 2509 529 2602 παραινούμενος
546 2519 681 2602 ἐμπεσεῖν
701 2528 766 2591 ταῖς
787 2519 893 2596 ναυσίν,
917 2513 932 2580 6
964 2511 998 2579 δὲ
1029 2512 1084 2580 ὑπὸ
1108 2509 1256 2603 Τεύκρου,
1286 2511 1302 2579 6
1330 2507 1365 2578 δὲ

234 2629 291 2696 ὑπὸ
314 2628 499 2722 Πατρόκλου
523 2628 736 2722 ἀναιρούμενος.
778 2635 957 2723 Ὀρελέσται
982 2629 1045 2716 δύο,
1069 2632 1084 2699 6
1105 2635 1158 2722 μὲν
1182 2627 1364 2723 Εὐρυπύλου,

235 2745 309 2815 όδὲ
330 2749 374 2815 ὑπ’
403 2756 538 2828 Αἴαντος.
583 2747 743 2842 ΙΙυλάρται
763 2748 826 2833 δύο,
850 2751 866 2817 6
889 2755 942 2840 μὲν
961 2751 1005 2816 ὑπ’
1039 2749 1210 2830 Αἴαντοςό
1247 2745 1282 2814 δὲ
1307 2747 1363 2814 ὑπὸ

237 2865 430 2959 Πατρόκλου.
484 2867 663 2960 Πείσανδροι
691 2867 754 2951 δύο,
788 2870 803 2936 6
828 2873 880 2959 μὲν
906 2869 950 2935 ὑπ’
981 2872 1189 2958 Ἀγαμέμνονς,
1213 2867 1229 2935 ὁ
1254 2864 1289 2933 δὲ
1310 2867 1366 2933 ὑπὸ

237 2983 401 3054 Μενελάου.
445 2996 494 3057 En
516 2995 613 3058 habes
633 2995 695 3056 duo
719 2994 837 3056 scholio
858 2993 942 3056 haud
965 2996 1092 3077 exigua,
1115 2995 1149 3056 in
1165 2992 1367 3076 quibuscum

235 3115 468 3176 commentandi
495 3116 650 3177 rationem
672 3116 817 3192 invenis,
850 3133 947 3195 quam
975 3113 1013 3176 ab
1037 3113 1219 3176 Aristarcho
1248 3114 1283 3173 in
1314 3111 1368 3172 illa

236 3231 274 3293 de
306 3230 498 3312 Pylaemene
532 3233 744 3315 explicatione
783 3230 954 3295 adhibitam
987 3250 1058 3294 csse
1095 3250 1190 3314 supra
1225 3231 1364 3293 ostendi:

235 3351 353 3412 etenim
384 3351 422 3414 de
448 3351 640 3433 Pylaemene
671 3351 740 3435 ipso
770 3354 813 3414 ita
846 3352 1033 3433 disputatur,
1065 3358 1100 3412 ut
1134 3350 1366 3429 homonymiae,

237 3488 318 3551 quae
348 3474 453 3533 notata
485 3476 575 3534 erant
611 3473 644 3532 in
678 3472 832 3552 editione,
863 3471 923 3532 hoc
956 3471 1023 3552 ipso
1051 3470 1119 3531 loco
1148 3471 1364 3551 respiciantur.

236 3587 325 3662 Quae
342 3608 415 3652 curn
438 3592 482 3652 ita
504 3593 577 3671 sint,
599 3591 747 3673 equidem
771 3610 836 3653 non
851 3588 970 3668 dubito,
986 3591 1064 3670 quin
1079 3588 1157 3651 haec
1171 3588 1234 3650 duo
1251 3587 1367 3649 scholia

237 3727 279 3770 ex
300 3710 370 3790 ipsa
390 3709 564 3771 Aristarchi
585 3713 850 3773 commentatione
873 3713 1021 3790 excerpta
1044 3712 1107 3771 sint
1118 3713 1149 3788 ¹).

307 3965 333 4030 1)
353 3963 382 4016 Si
405 3979 467 4015 vero
491 3963 642 4031 quaeritur,
666 3980 714 4032 per
745 3980 887 4032 quemnam
916 3963 1121 4031 grammaticum
1150 3976 1277 4028 magnum
1300 3960 1369 4013 illud

236 4050 356 4106 scholion
375 4049 401 4102 N
419 4048 471 4101 643
489 4048 565 4102 nobis
592 4053 726 4103 servatum
750 4051 802 4112 sit,
830 4049 951 4118 equidem
979 4065 1026 4118 per
1051 4048 1235 4100 Aristonicum
1265 4047 1366 4115 opinor.

238 4137 359 4190 Primum
387 4135 458 4188 enim
482 4135 627 4189 tenendum
652 4139 701 4199 est,
730 4139 817 4189 totam
847 4135 1050 4205 explicationem
1073 4136 1194 4200 spectare
1218 4131 1252 4184 ad
1275 4136 1367 4200 notam

237 4221 358 4274 criticam
386 4220 473 4274 versui
501 4222 651 4290 appositam
686 4222 719 4275 ef,
745 4222 827 4276 schol.
858 4221 884 4276 N
911 4222 963 4274 643
990 4223 1022 4274 A.
1072 4221 1175 4274 Deinde
1206 4236 1237 4272 ex
1269 4235 1367 4286 cogno·

239 4305 354 4360 minibus
389 4307 452 4360 viris
488 4311 593 4376 praeter
628 4307 754 4362 Schedios
786 4311 814 4360 et
839 4306 1051 4375 Eurymedontas
1083 4310 1111 4360 et
1137 4305 1301 4374 limbatas,
1335 4304 1367 4357 de
