3068 5202
628 419 837 478 -22-

168 604 201 662 et
223 619 263 662 ex
284 601 333 663 his
358 620 438 684 quae
461 602 494 663 in
517 621 643 683 quoque
673 603 757 684 apud
777 600 952 665 Homerum
982 622 1072 665 verso
1093 603 1302 684 Intelligenda

169 725 276 782 essent
303 721 435 784 doceret.
485 721 590 802 Atque
619 723 682 784 huc
710 725 828 804 spectat
853 723 907 784 illa
941 723 979 785 de
1001 721 1090 802 Pylis
1122 723 1307 804 explicatior

170 859 267 921 quam
296 859 391 922 supra
420 841 461 922 (p.
487 842 525 902 12
551 841 611 923 sq.)
647 839 839 903 eStrabone
867 847 898 903 et
930 861 947 903 e
973 842 1099 904 scholiis
1134 843 1301 922 exscripsi,

168 960 231 1021 huc
253 962 346 1021 etiarn
369 958 565 1040 Arisbarum,
589 980 723 1042 quarum
738 979 803 1022 una
816 964 939 1023 tantum
954 981 972 1023 a
986 965 1077 1043 poeta
1098 966 1305 1041 memoratur,

168 1079 267 1140 index
289 1079 323 1140 in
347 1078 440 1139 schol.
473 1077 506 1158 Ζ,
531 1080 582 1141 13;
611 1075 730 1166 Ἄρίσβα
762 1080 880 1166 Τροίας·
917 1081 966 1141 καὶ
998 1079 1115 1160 Λέσβου
1151 1070 1185 1139 δέ
1212 1080 1307 1140 ἐστινν

169 1196 203 1260 L.
228 1197 266 1258 V.
289 1199 372 1259 etin
394 1197 492 1260 Strab.
511 1197 595 1260 XIII
617 1201 688 1280 591,
710 1200 765 1262 ubi
785 1203 953 1282 postquam
972 1201 1107 1262 multum
1130 1200 1168 1260 de
1191 1197 1303 1262 Troica

169 1316 285 1379 Arisba
315 1316 433 1378 dictum
462 1322 525 1397 est,
552 1319 597 1380 sic
626 1321 781 1402 pergitur:
815 1311 850 1388 ἦν
881 1310 916 1379 δὲ
942 1320 991 1379 καὶ
1022 1320 1052 1379 ἐν
1078 1317 1186 1398 Λέσβω
1216 1309 1303 1390 πόλις

165 1433 299 1520 Ἀρίσβα,
326 1424 361 1506 ἧς
380 1429 435 1502 τὴν
456 1427 557 1521 χώραν
586 1440 687 1522 ἔχουσι
709 1438 908 1522 Μηθυμναῖοι.
953 1439 1016 1497 ἔστι
1038 1429 1073 1497 δὲ
1094 1439 1144 1498 καὶ
1165 1431 1306 1520 ποταμὸς,

165 1548 297 1640 Ἄρισβος
317 1555 346 1614 ἐν
369 1545 484 1640 Θρᾴκῃ,
516 1556 578 1620 huc
600 1559 660 1620 alia
682 1558 853 1639 permulta,
881 1576 962 1640 quae
984 1575 1170 1621 enumerare
1193 1577 1303 1639 supcr-

169 1675 276 1755 sedoo‚
297 1694 369 1737 oum
391 1675 453 1737 iam
476 1675 606 1740 Niesius
623 1678 642 1739 l.
660 1678 679 1739 l.
696 1697 724 1758 p.
743 1677 847 1738 27411.
865 1681 941 1758 etp.
962 1677 1022 1739 296
1045 1678 1152 1738 omnia
1175 1695 1308 1756 compo·-

170 1795 268 1860 suerIt
290 1813 332 1855 ex
354 1795 400 1855 eis
424 1793 584 1858 Strabonis
607 1795 706 1877 libris,
725 1816 861 1879 quorum
882 1796 953 1858 fons
974 1795 1156 1878 principalis
1175 1795 1308 1875 Apollo-⁴

107 1959 109 1962 .
171 1912 239 1973 dori
260 1911 419 1994 catalogus
438 1913 578 1995 habetur,
602 1934 678 1976 sce
704 1914 792 1977 libris
812 1914 965 1977 vrri-X
979 1919 1010 1977 et
1024 1913 1099 1995 ΧΠ,
1116 1915 1134 1975 3
1159 1951 1198 1959 -
1210 1912 1301 1974 XIV.

252 2027 388 2092 Restant
409 2031 625 2097 Demetrius
650 2032 829 2116 Scepsius
852 2038 882 2096 ct
904 2032 1182 2096 Parmeniscus.
1219 2031 1307 2106 Quc-

134 2161 139 2174 '
167 2153 360 2234 sumptim,
388 2146 468 2212 κατὰ
497 2147 550 2214 τὸν
580 2147 670 2214 αὐτὸν
699 2143 804 2237 χρόνον
833 2147 964 2237 γεγονὼς
992 2142 1128 2237 Κράτητι
1158 2153 1208 2212 καὶ
1234 2151 1310 2235 Αρι-

170 2261 290 2354 στάρχῳ
314 2269 423 2351 (Strab.
444 2269 525 2332 XIII
548 2271 638 2352 609),
668 2274 727 2334 etsi
760 2272 933 2354 discipulus
955 2271 1128 2332 Aristarchi
1151 2271 1305 2351 appellari

169 2391 290 2471 nequit,
305 2393 412 2451 tamen
427 2391 461 2452 ln
479 2409 570 2472 opere
586 2410 655 2471 suo,
671 2391 755 2473 quod
777 2386 911 2475 Τρωικὸς
932 2379 1094 2473 διάκοσμος
1113 2389 1307 2469 inscriptum

174 2511 253 2588 erat,
282 2509 388 2590 ipsum
408 2509 545 2590 pendere
573 2529 615 2573 ex
644 2511 729 2573 illius
752 2513 872 2573 ratione
895 2508 1040 2591 pluribus
1064 2527 1158 2591 supra
1181 2506 1310 2570 ostendi.

171 2628 339 2709 exemplis,
384 2626 475 2690 Alter
500 2626 783 2709 ParmeniscuS‚
815 2629 987 2692 Aristarchi
1009 2628 1184 2710 discipulus
1205 2627 1311 2689 idem-

178 2765 241 2828 que
264 2747 416 2830 aequalis‚
440 2749 547 2829 quiet
571 2749 747 2812 Homerum
769 2751 904 2831 tragicos
925 2750 1058 2810 Aratum
1079 2749 1310 2827 interpretatus

174 2870 221 2928 est
243 2869 273 2928 et
294 2859 365 2951 πρὸς
386 2857 535 2951 Κράτητα
557 2869 681 2949 scripsit
701 2867 807 2946 libros,
828 2869 947 2949 etipse
968 2865 1170 2943 homonymis
1192 2864 1310 2925 distin-

170 2984 307 3066 guendis
326 3003 452 3066 operam
475 2985 572 3067 dedit„
599 2984 648 3048 De
669 2985 804 3067 Ephyris
826 2985 903 3067 quid
916 2985 1068 3046 statuent
1093 3002 1194 3066 ,supra
1217 2984 1257 3064 (p.
1271 2984 1306 3063 8)

171 3102 289 3166 dictum
318 3107 380 3183 est,
412 3102 474 3164 alia
500 3103 551 3166 hic
580 3103 735 3167 addantur
769 3105 926 3185 exempla.
981 3102 1076 3185 Apud
1109 3101 1306 3183 Stephanum

172 3241 195 3284 s
220 3243 250 3283 v,
268 3215 355 3295 Ἄλος
376 3223 510 3303 legitur:
539 3213 591 3284 tto
618 3214 653 3284 δὲ
683 3222 891 3308 Παρμενίσκος
910 3216 1015 3294 Ἄλους
1036 3227 1152 3306 ἱστορεῖ,
1177 3213 1230 3280 τὸν
1252 3216 1312 3302 μὲν

175 3335 333 3402 Μαλιακὸν
346 3335 402 3402 ὑπὸ
415 3339 554 3426 Ἀχιλλεῖ,
577 3336 630 3404 τὸν
652 3333 687 3402 δὲ
708 3335 764 3404 ὑπὸ
787 3332 1006 3427 Πρωτεσιλάῳ.
1049 3340 1185 3402 Easdem
1208 3337 1311 3400 urbes-

171 3462 265 3522 etiam
295 3461 523 3543 Apollodorum
557 3462 742 3523 distinxisse
774 3481 816 3524 ex
851 3459 948 3522 Strab.
983 3457 1032 3521 IX
1064 3459 1126 3520 433
1158 3458 1307 3522 concludi

170 3582 291 3660 potest,
324 3578 378 3642 ubi
402 3570 577 3651 Φθιοτικὸς
599 3582 630 3641 et
647 3572 785 3662 Ἀχαϊκὸς
800 3583 821 3658 ¹)
852 3571 953 3652 Ἄλος,
985 3577 1118 3640 Achillis
1146 3581 1178 3640 et
1197 3575 1310 3639 Prote·

240 3855 265 3916 1)
286 3852 360 3905 Haec
380 3849 484 3904 Achaia
507 3865 568 3918 pars
588 3849 741 3904 Thessaliae
766 3850 837 3903 sicut
860 3851 941 3903 etiam
960 3850 1070 3903 Phthia.
1106 3848 1147 3902 Ao
1164 3847 1310 3912 Phthiam„

171 3943 202 3992 ut
226 3938 277 3992 hoc
302 3938 409 4001 addam,
434 3941 533 3990 terram
559 3953 616 3990 esse
639 3953 693 3989 non
717 3935 810 3989 urbem
828 3936 1015 3990 Parmeniscus
1038 3935 1165 3988 audacter
1188 3933 1311 3986 affirmat·

173 4025 218 4090 (of.
239 4023 332 4092 Steph.
351 4040 371 4077 s.
391 4040 415 4076 v.
435 4027 526 4077 Φθίας
552 4025 735 4092 Παρμενίσκος
759 4019 787 4075 δὲ
811 4021 901 4091 χώραν
919 4022 1004 4092 αὑτήν
1022 4044 1086 4092 φησι
1104 4030 1148 4074 καὶ
1167 4018 1195 4076 οὗ
1214 4020 1303 4085 πόλιν,

172 4109 271 4164 Strabo
290 4110 332 4163 vel
349 4109 439 4178 potius
457 4109 632 4178 Apollodorus
652 4110 680 4162 in
699 4109 778 4163 dubio
796 4110 924 4178 relinquit
948 4110 990 4174 (cf.
1009 4109 1058 4173 IX,
1076 4108 1142 4162 432:
1161 4105 1175 4161 ὁ
1191 4109 1241 4176 μὲν
1259 4101 1308 4162 οὖν

169 4194 282 4265 ποιητής
299 4193 346 4250 δύο
364 4200 436 4249 ποιεῖ
452 4201 499 4263 (sc.
521 4192 638 4249 ‘Eiteia
651 4205 696 4250 καὶ
718 4200 817 4260 Φθίαν,
842 4213 895 4250 non
913 4212 993 4250 unam
1012 4199 1044 4248 ut
1061 4195 1127 4260 alii),
1144 4193 1259 4261 πότερον
1278 4191 1309 4246 δὲ

170 4282 262 4338 πόλεις
279 4279 301 4351 vi*
317 4281 403 4349 qviper
422 4279 450 4336 ου’
470 4279 552 4350 δηλοῖ.
