3068 5202
714 460 923 523 -30-

480 642 558 731 μετὰ
576 640 611 709 δέ
634 669 685 732 σρι
709 641 807 732 πατὴρ
829 646 873 707 κίε
894 636 1008 732 δάκρυα
1029 647 1145 727 λείβων.

251 765 326 851 Περὶ
347 757 382 826 δὲ
403 770 457 839 τῆς
478 757 592 839 λύσεως
613 767 720 828 πολλοὶ
742 757 973 839 iiis-imm.)

335 884 474 954 Ζητεῖται
495 889 558 958 πῶς
580 882 719 971 ἀνωτέρω
742 882 920 970 ἀνῃρημένος
942 877 997 946 ὑπὸ
1015 876 1169 947 Μενελάου
1191 879 1386 970 ὁΙΙολαιμέ-

251 1026 301 1076 νης
323 1005 353 1064 ἐν
374 1009 413 1083 τῇ
437 1005 464 1065 N
485 994 609 1064 δύναται
631 1001 810 1065 ἀκολουθεῖν
831 1007 876 1082 τῷ
897 995 980 1064 παιδι
1001 1005 1051 1065 καὶ
1072 1005 1182 1066 κλαίειν
1199 1007 1229 1079 ¹).
1270 999 1311 1065 ‘O
1333 1003 1389 1088 μὲν

253 1113 303 1182 οὖν
324 1112 490 1195 Ζηνόδοτος
512 1120 545 1184 οὐ
575 1113 682 1195 νοησας
709 1122 739 1182 ἐν
762 1118 816 1204 μὲν
836 1125 874 1201 τῇ
898 1120 924 1181 Ε
955 1122 1156 1207 Πυλαιμένεα,
1186 1125 1215 1183 ἐν
1236 1115 1271 1184 δὲ
1293 1127 1331 1204 τῇ
1357 1124 1384 1184 N

253 1239 442 1324 Κυλαιμένεα
481 1239 605 1327 ἔγραψεν
617 1245 649 1324 2).
707 1236 746 1302 ‘0
779 1233 813 1302 δὲ
842 1232 1052 1326 Ἀριστοφάνης
1083 1239 1191 1304 ἀθετεῖ
1221 1244 1251 1302 ἐν
1282 1246 1320 1322 τῇ
1358 1243 1385 1303 N

258 1350 480 1442 <οἰόμενος>,
504 1357 551 1421 ὅτι
572 1361 734 1434 πλανηθείς
755 1384 800 1433 τις
822 1361 856 1420 ἐκ
878 1364 933 1421 τοῦ

623 1476 638 1541 ὅ
662 1483 698 1564 ρα
718 1481 806 1566 πατρὶ
827 1480 903 1564 φίλῳ
924 1479 1013 1541 ἕπετο
1061 1499 1065 1509 ·

255 1587 359 1670 ἔταξεν
380 1591 452 1670 τοὺς
473 1598 592 1682 στίχους

380 1707 549 1800 ἀχνυμενοι·
576 1712 654 1801 μετὰ
675 1709 710 1778 δὲ
733 1739 783 1803 σφι
805 1712 902 1803 πατὴρ
926 1718 970 1780 ιιίε
992 1708 1106 1803 δάκρυα
1127 1716 1243 1795 λείβων.

380 1835 463 1896 ποίνσ
486 1827 516 1897 δ’
545 1830 624 1909 οὔτις
642 1829 748 1910 παιδὸς
767 1838 899 1922 ἐγίγνετο
917 1841 1101 1909 τεθνηῶτος.

254 1953 301 2012 ἵνα
321 1955 372 2015 καὶ
393 1949 409 2016 ὁ
430 1950 529 2042 πατὴρ
559 1950 612 2018 τὸν
634 1951 694 2018 υἱὸν
715 1947 868 2041 ὀδύρηται·
898 1955 932 2018 οὐ
959 1955 1041 2039 λέγει
1063 1947 1098 2016 δὲ
1118 1959 1166 2015 νῦν
1189 1953 1287 2030 ἕπετο,
1320 1949 1385 2013 ἀλλ’

255 2068 308 2133 ὅτε
329 2068 365 2134 τὸ
388 2078 506 2158 πρῶτον
529 2075 563 2135 ἐκ
584 2079 638 2148 τῆς
657 2066 798 2161 πατρίδος
814 2075 996 2161 παρεγίνετο.
1025 2067 1072 2136 διὸ
1096 2075 1146 2135 καὶ
1167 2063 1338 2158 πρόσκειται
1350 2065 1389 2132 τὸ

341 2193 370 2264 ἐς
390 2189 510 2278 Τροίην·
536 2187 597 2256 οὐδ’
627 2187 710 2267 αὖτις
731 2192 856 2279 ἀφίκετο
884 2186 1049 2279 <πατρίδα
1072 2199 1199 2278 γαῖαν>
1215 2191 1247 2272 ³).
1295 2206 1298 2211 ’

252 2304 340 2395 Ἐγω
368 2303 403 2371 δὲ
432 2308 451 2373 V
478 2311 600 2376 ἀθετεῖν
627 2335 702 2398 φημι
739 2308 758 2381 ἦ
792 2307 960 2398 ὁμωνυμίαν
987 2304 1112 2397 νομίζειν
1124 2313 1157 2394 4).
1217 2309 1299 2379 <06
1331 2304 1388 2394 γάρ

257 2424 338 2512 οἶμαι
366 2424 419 2491 τὸν
448 2432 478 2492 ἐν
499 2452 538 2512 τη
565 2432 593 2492 N
616 2432 792 2516 Πυλαιμένη
814 2429 885 2494 εἶναι
905 2426 958 2494 τὸν
980 2433 1010 2493 ἐν
1030 2452 1069 2512 τη
1093 2431 1119 2492 Ε
1142 2428 1385 2516 ἀναιρεθέντα.)

257 2552 281 2608 εἰ
302 2542 357 2634 γὰρ
378 2540 489 2612 τούτου
511 2555 565 2612 τοῦ
588 2550 797 2636 Πυλαιμένους
817 2544 853 2622 ἦν
878 2547 938 2626 υίὸς
960 2546 975 2613 ὁ
994 2549 1166 2638 Ἁρπαλίων,
1190 2538 1390 2632 ἀλογώτατον

255 2658 292 2735 ἦν
316 2661 365 2750 μὴ’
388 2667 547 2751 φαίνεσθαι
578 2662 669 2729 αὐτὸν
698 2663 926 2753 ὑπερμαχοῦντα
948 2672 1002 2730 τοῦ
1024 2658 1136 2753 πατρός
1148 2667 1181 2748 ⁵).
1225 2661 1391 2750 ὁμωνυμίαι

257 2779 292 2848 δὲ
313 2781 393 2872 παρὰ
412 2792 457 2867 τῷ
472 2792 581 2868 ποιητῇ
601 2788 711 2848 πολλαί
723 2787 754 2868 6).

326 3115 351 3175 1)
369 3111 411 3167 cf.
430 3112 512 3165 schol.
533 3111 560 3166 N
578 3113 629 3165 659
650 3113 707 3166 AD.

325 3200 352 3266 2)
372 3198 413 3253 ef.
432 3198 484 3266 frg.
502 3198 532 3251 in
551 3199 646 3252 Venet.
665 3201 690 3252 A
708 3199 753 3252 fol.
772 3201 797 3252 8.

326 3287 351 3351 3)
370 3285 444 3339 Haec
466 3285 494 3338 in
512 3286 595 3339 schol.
615 3286 642 3339 N
660 3286 712 3340 658
731 3288 768 3349 Α,
793 3286 846 3338 nisi
863 3286 932 3354 quod
953 3302 1001 3353 ego
1019 3281 1211 3351 Aristopha'nis
1229 3298 1325 3336 nomen
1344 3281 1393 3334 ad·

259 3372 355 3442 scripsi
372 3388 403 3425 ex
421 3371 504 3425 schol.
526 3371 624 3426 oodicis
642 3373 675 3425 V.
711 3373 753 3427 cf.
771 3376 816 3426 n⁴.

326 3460 354 3526 4)
373 3458 461 3512 Schol.
479 3457 506 3511 N
525 3458 577 3511 658
596 3459 634 3511 V:
662 3457 676 3511 ὁ
695 3459 745 3527 μὲν
763 3456 955 3527 Ἀριστοφάνης
973 3455 1079 3519 ἀθετεῖ,
1104 3454 1118 3510 6
1136 3453 1164 3509 δὲ
1182 3453 1356 3525 Ἀρίσταρχον
1373 3451 1393 3506 τί

258 3540 368 3597 ἀθετεῖν
387 3564 452 3611 φησι
469 3540 488 3610 ἢ
507 3541 662 3611 ὁμωνυμίαν
680 3547 805 3612 νομίζειν.

328 3630 354 3696 6)
374 3629 415 3683 ef.
433 3629 516 3683 schol.
538 3630 564 3683 N
583 3631 634 3684 643
651 3631 684 3683 V.

331 3717 357 3780 6)
375 3716 449 3769 Haec
468 3733 500 3769 ex
518 3716 601 3770 schol.
619 3716 646 3769 N
664 3717 715 3770 643
733 3716 814 3770 BLV.

331 3802 403 3855 Alias
420 3806 526 3870 praeter
547 3802 596 3856 has
617 3801 705 3857 λύσειε
723 3803 826 3856 invenis
843 3803 872 3856 in
889 3801 999 3856 scholiis
1015 3802 1207 3871 Porphyrisnis
1226 3803 1253 3856 N
1272 3802 1323 3855 658
1341 3802 1391 3856 AD

260 3892 289 3943 et
305 3889 328 3942 Ε
346 3889 397 3943 576
415 3888 447 3952 Β,
474 3887 520 3941 sed
543 3904 596 3953 eas,
620 3906 689 3957 quae
713 3888 826 3942 fortasse
848 3891 910 3957 post
927 3889 1079 3942 Aristarchi
1104 3891 1221 3942 aetatem
1239 3889 1392 3957 propositae

261 3977 324 4029 sint.
360 3975 465 4029 Nomen
484 3974 590 4043 quidem
609 3991 740 4044 nusquam
760 3974 925 4044 adscriptum
943 3977 991 4029 est.
1026 3975 1123 4044 Itaque
1144 3991 1204 4028 cum
1223 3974 1255 4028 de
1275 3975 1392 4028 auctori·

261 4064 319 4115 iate
337 4061 454 4114 dubitari
471 4060 570 4130 possii,
594 4062 623 4115 in
641 4063 729 4130 ipsum
747 4061 905 4130 σύγγραμμα
925 4077 969 4114 sas
988 4061 1104 4130 recipere
1122 4077 1177 4115 non
1194 4061 1285 4115 sudso.
1323 4061 1392 4115 Sunt

262 4151 354 4202 autem
371 4146 451 4201 haec:
471 4147 505 4200 In
523 4148 605 4201 schol.
624 4148 651 4201 N
669 4148 720 4201 659
738 4148 788 4202 AD
806 4148 871 4202 ἔνιοι
888 4144 916 4200 δὲ
934 4145 1058 4201 mimis
1075 4147 1276 4217 μεταγράφουσι

287 4281 292 4294 ,
506 4230 572 4302 μετά
591 4231 613 4287 δ’
633 4230 664 4288 σὶί
680 4256 728 4304 σφι
745 4231 838 4303 πατήρ
855 4239 893 4288 κίε
912 4230 1013 4302 δακριία
1035 4234 1136 4302 λείβων.

262 4321 292 4375 in
310 4321 392 4374 schol.
411 4320 434 4373 Ε
452 4321 504 4374 576
521 4320 544 4373 Β
563 4329 606 4373 καὶ
632 4317 661 4375 εὖ
680 4318 768 4389 “perd
793 4316 821 4374 δέ
836 4342 883 4390 σφι
907 4319 982 4373 κτλ.“
1006 4319 1193 4390 μετωνυμικῶε
1217 4316 1349 4386 εἰσδέχεται
1372 4315 1390 4386 η’
