3062 5200
694 403 900 463 ,24-

230 607 307 648 ntos.
331 607 404 650 nov.
428 606 458 667 p.
476 587 618 648 28-342
665 591 838 670 σημειοῢται
860 578 895 647 δὲ
917 589 972 668 (sc.
993 585 1195 673 Ἀρίσταρχος)
1217 584 1288 675 πρὸς
1306 583 1375 650 τὸν

231 700 322 768 αὐτὸν
344 700 398 778 τὰς
422 701 590 790 ὁμωνυμίας
610 695 735 778 ἁπάσας.

314 824 437 888 Deinde
461 825 677 908 quaerendum
700 832 757 904 est,
780 829 885 887 utrum
908 828 983 888 satis
997 826 1369 910 habueritfhristarchus

231 939 398 1028 dpamptar
419 945 635 1008 tantummodo
657 945 690 1006 in
713 945 850 1007 editione
883 949 1000 1027 notare,
1032 967 1072 1009 an
1105 950 1281 1011 accuratius
1311 950 1359 1012 de

136 1101 141 1111 ·
232 1067 278 1128 cis
300 1068 400 1148 egerit
423 1066 483 1128 alio
508 1065 587 1126 loco.

315 1185 487 1246 Aristarchi
509 1186 638 1246 nomine
659 1186 809 1266 inscripta
824 1186 923 1248 hrisse
936 1189 1062 1268 'praeter
1077 1186 1235 1268 duplicem
1251 1206 1371 1250 recen-

232 1304 356 1364 sionem
377 1303 439 1365 duo
460 1322 577 1385 genera
598 1323 726 1386 operum
749 1303 1001 1386 Homerioorum,
1022 1295 1223 1390 ὑπομνήματα
1244 1311 1275 1368 31
1291 1329 1369 1389 συγ-

231 1412 404 1506 γράμματα,
428 1422 575 1484 omnibus
597 1427 708 1485 notum
730 1425 785 1484 ost.
831 1423 959 1487 Etenim
991 1445 1064 1488 cunr
1095 1424 1250 1488 editiones
1282 1426 1368 1488 nihil

233 1543 430 1604 continerent
451 1543 512 1603 nisi
535 1562 648 1604 versus
671 1541 803 1605 Homeri
825 1545 907 1605 notis
931 1545 1045 1606 criticis
1077 1544 1241 1606 distinctos
1272 1563 1366 1606 cum-

233 1680 295 1742 que
317 1665 462 1723 notarum
484 1680 573 1740 usus,
595 1663 628 1722 in
644 1663 754 1742 primis
773 1652 888 1742 διπλῆς,
909 1666 1017 1726 rarius
1033 1681 1068 1725 ao
1082 1663 1250 1746 multiplex
1266 1667 1364 1744 esset,

234 1781 303 1842 fiori
326 1801 390 1842 non
413 1782 523 1863 potuit,
547 1782 625 1862 quin
648 1785 702 1842 ant
723 1781 925 1846 Aristarchus
941 1785 1011 1863 ipse
1034 1785 1088 1845 aut
1106 1770 1254 1863 discipuli
1280 1785 1364 1864 31113,

236 1920 316 1982 qnae
340 1903 445 1962 notata
467 1903 557 1962 erant
577 1901 612 1962 in
643 1900 844 1980 editionibus
870 1892 1074 1985 ὑπομνήμασιν
1106 1902 1125 1962 i.
1151 1920 1364 1964 3331331311-

233 2020 319 2106 tariis
340 2019 543 2102 explicarent,
566 2038 701 2100 quorum
723 2021 842 2102 singuli
862 2021 998 2103 singulis
1021 2020 1171 2100 deinceps
1186 2021 1362 2104 rhapsodiis

233 2139 473 2222 respondebant.

318 2258 382 2319 sed
405 2263 527 2339 praetor
555 2260 632 2322 hacc
656 2253 855 2344 ὑπομνήματα
877 2261 1079 2324 Aristarchus
1096 2263 1191 2324 etiam
1214 2251 1361 2344 ουγγραίμ-

236 2399 319 2462 ματα
340 2379 535 2461 conscripsit,
551 2378 668 2464 quibus
686 2400 782 2442 unam
797 2400 864 2446 rem
880 2384 1023 2444 accurate
1039 2385 1069 2443 ot
1084 2385 1212 2464 copiose
1227 2383 1359 2462 pertrac-

234 2500 321 2578 taret,
345 2517 521 2580 quaecum
543 2499 581 2563 ab
604 2502 674 2582 ipso
697 2501 877 2564 Aristarcho
901 2503 1073 2584 composito
1104 2521 1175 2564 esse
1197 2503 1361 2579 constaret,

234 2617 297 2678 iam
312 2638 331 2679 a
346 2619 506 2682 veteribus
522 2623 735 2704 grammaticis
756 2621 857 2702 pluris
881 2621 1145 2700 aestimabantur,
1168 2641 1262 2702 qnam
1279 2639 1363 2681 com-

237 2739 382 2800 mentarii
403 2739 454 2816 (cf.
473 2741 568 2803 schol.
586 2739 613 2802 Β
632 2743 702 2822 111,
723 2740 821 2802 Lehrs
844 2740 1012 2803 Aristaroh.
1036 2760 1066 2820 p.
1090 2739 1151 2817 21).

318 2856 550 2938 Homonymias
574 2864 680 2922 autem
704 2861 739 2920 in
760 2864 829 2922 utro
862 2860 1068 2938 scriptionum
1090 2873 1207 2936 genere
1231 2873 1363 2936 conges-

235 2978 324 3058 serit‚
356 2997 396 3039 ex
429 2977 555 3040 duobus
592 2979 719 3040 scholiis
747 2977 849 3037 conici
877 2980 989 3056 potest.
1034 2973 1117 3036 Nam
1139 2972 1179 3035 ad
1200 2971 1227 3034 B
1250 2973 1310 3034 837
1333 2973 1363 3034 A

236 3096 417 3158 adnotatum
439 3102 499 3160 est:
539 3089 648 3168 Ἄσιος·
672 3088 691 3162 ἡ
713 3086 802 3158 διπλῆ
826 3092 874 3156 ὅτι
890 3087 987 3167 Ἄσιος
1009 3082 1096 3167 οὗτος
1115 3082 1271 3176 ὁμώνυμός
1299 3091 1364 3152 ἐστι

235 3219 280 3293 τῷ
298 3205 433 3296 Ἑκάβης
453 3207 586 3301 ἀδελφῷ.
620 3217 794 3300 ἐσημειοῢτο
817 3206 851 3274 δὲ
872 3207 887 3276 ὁ
908 3212 1097 3300 Ἀρίσταρχος
1118 3205 1173 3283 τὰς
1196 3204 1364 3294 ὁμωνυμίας

235 3329 305 3420 πρὸς
325 3329 365 3395 τὰ
386 3337 449 3421 περὶ
471 3335 687 3420 Πυλαιμένους.
730 3335 859 3398 Notavit
878 3334 975 3416 igitur
989 3333 1189 3396 Aristarchus
1210 3331 1365 3408 homony-

237 3457 329 3534 miaS,
351 3460 386 3517 ut
407 3459 626 3537 quaestionem
649 3456 794 3533 solveret,
818 3473 899 3536 quae
921 3454 959 3515 de
981 3451 1176 3532 Pylaemene
1190 3452 1275 3512 mota
1290 3453 1363 3511 erat.

235 3575 342 3656 Atque
355 3594 450 3656 quam
461 3575 597 3656 singulis
610 3572 936 3637 animadversionibus
949 3571 1010 3634 sibi
1019 3573 1185 3652 paraverat
1194 3570 1366 3646 materiam,

235 3690 274 3754 ab
297 3712 333 3756 eo
356 3694 557 3756 coniunctam
577 3692 693 3756 alicubi
714 3694 905 3775 propositam
934 3709 1007 3753 3333
1040 3690 1122 3752 ulhro
1155 3689 1307 3769 sequitur,
1341 3687 1368 3747 si

238 3811 365 3893 quidem
394 3813 580 3892 constipatis
608 3810 737 3874 demum
766 3811 922 3892 exemplis
950 3803 1092 3893 quaestio
1121 3807 1223 3869 soluta
1249 3810 1371 3888 poterat

240 3932 350 3994 videri.
396 3929 506 3995 Totam
528 3950 604 3994 vero
620 3932 708 3994 illam
724 3933 763 3994 de
777 3929 980 4010 homonymis
995 3927 1241 4010 disputationem
1263 3927 1371 3987 contra

234 4117 263 4174 in
280 4119 407 4174 Burrieni
431 4120 571 4173 annalibus
595 4137 627 4173 ex
645 4120 717 4172 illins
735 4118 922 4172 dissertatione
940 4117 1053 4178 retulit,
1079 4113 1203 4176 dabitat,
1227 4128 1292 4165 num
1310 4110 1372 4163 Ari·

233 4206 356 4259 starchns
370 4209 478 4275 propter
493 4205 657 4259 Zenodotum
670 4206 855 4272 homonymias
868 4203 1010 4265 notaverit,
1028 4199 1053 4254 si
1065 4215 1152 4253 meam
1164 4199 1262 4266 legerit
1275 4197 1373 4250 disser-

234 4293 376 4354 tationom
395 4293 482 4362 ipsum
500 4309 553 4346 non
571 4293 685 4361 amplius
703 4291 889 4344 dubitaturum
907 4306 965 4344 3333
984 4303 1070 4357 spero.
