3068 5202
688 464 889 524 -18-

218 662 305 704 nunc
333 643 367 703 in
396 644 523 708 scholiis
549 645 752 729 Epaphroditi
779 651 995 712 commentarii
1023 653 1158 734 vestigia
1178 658 1287 715 ortam
1309 655 1349 717 ad

219 762 331 844 Odyss.
367 755 465 837 {227
496 769 528 827 ct
555 765 642 828 Iliad.
672 766 704 827 ll
735 769 796 829 233
819 787 883 850 sq.‚
917 768 972 830 ubi
1002 769 1104 831 cidem
1135 774 1228 852 atquc
1263 773 1347 854 apud

220 880 417 964 Stephanum
442 887 578 948 citantur
600 889 754 966 auctores,
777 885 1011 967 Thrasybulus,
1034 889 1262 971 Acestodorus‚
1284 891 1348 954 De-

218 1021 302 1064 mon.
349 1003 438 1066 Oerte
455 1008 578 1086 praeter
595 1003 735 1085 Didymi,
758 1004 976 1086 Heracleonis,
998 1003 1166 1070 Philoxeni
1188 1028 1347 1072 commen-

216 1125 311 1185 tarios
334 1125 404 1186 aliis
426 1123 590 1206 permultis
620 1142 700 1185 usus
726 1127 774 1186 cst
792 1123 1040 1207 Epaphroditus‚
1070 1126 1128 1188 sed
1156 1146 1266 1190 omnes
1288 1129 1348 1191 hoc

217 1242 285 1304 loco
306 1261 493 1324 percensere
515 1239 553 1305 ab
574 1261 611 1305 oo
644 1263 739 1325 quom
767 1243 826 1305 hac
851 1243 1070 1306 dissertatione
1095 1246 1172 1307 mihi
1194 1249 1347 1328 proposui

217 1361 280 1424 fine
304 1361 454 1424 abhorret.

300 1479 411 1562 ltaque
443 1483 568 1543 transeo
597 1480 636 1542 ad
661 1479 872 1561 Didymum.
917 1481 978 1543 Hic
1004 1501 1066 1563 quo
1094 1483 1187 1545 modo
1217 1484 1347 1564 Apollo-

217 1599 284 1661 dori
312 1600 452 1681 catalogo
479 1601 519 1662 ad
540 1600 772 1683 interpretanda
792 1598 920 1662 Pindari
947 1602 1087 1662 carmina
1108 1619 1187 1663 usus
1211 1604 1266 1682 sit,
1293 1606 1346 1665 tri-

216 1717 276 1780 bus
305 1720 369 1780 iam
398 1718 521 1781 ostendi
551 1719 719 1800 indicibus,
748 1718 956 1800 Ephyram,
984 1717 1146 1800 Pylorum,
1178 1719 1345 1783 Orchome-

217 1857 339 1900 norum.
393 1837 539 1900 Eundem
565 1859 640 1902 vero
668 1841 702 1901 in
729 1841 920 1922 tragicorum
953 1857 1080 1920 quoque
1112 1841 1345 1902 commentariis

215 1956 442 2038 Apollodorum
463 1956 664 2039 adhibuisse
686 1979 751 2020 uno
774 1956 983 2038 comprobabo
1007 1957 1169 2040 exemplo,
1193 1957 1277 2039 quod
1299 1961 1346 2020 est

215 2077 249 2137 in
272 2076 367 2138 schol.
390 2075 500 2157 Eurip.
524 2077 675 2139 Androm.
702 2079 737 2139 l:
762 2076 879 2157 Θηβαία
900 2067 1000 2149 πόλις·
1030 2070 1084 2144 τὴν
1112 2077 1142 2135 ἐν
1160 2074 1242 2157 Ἀσίᾳ
1264 2074 1345 2160 λέγει

215 2187 269 2261 τὴν
288 2185 498 2256 ’Τποπλοίκιον
526 2186 637 2276 Θήβην,
667 2187 702 2269 ἧς
725 2195 857 2257 Ἠετίων
884 2196 1079 2275 ἐβασίλευσεν.
1123 2195 1159 2257 Β.
1184 2196 1219 2258 G.
1244 2195 1284 2258 M.
1308 2194 1341 2257 Τ.

214 2311 326 2400 Φιλέας
341 2304 438 2375 δὲκαὶ
453 2314 483 2374 ἐν
497 2313 649 2395 Θεσσαλία
666 2316 751 2400 φησὶν
766 2316 796 2375 ἐν
810 2320 854 2394 τῷ
869 2315 1038 2394 mereare}
1052 2313 1135 2375 τέλει
1146 2313 1249 2393 Θῆβας
1263 2312 1342 2376 εἶναι.

216 2424 394 2516 Θεόπομπος
421 2425 456 2494 δὲ
478 2435 509 2495 ἐν
530 2445 591 2508 τοῖς
609 2429 799 2507 Ἑλληνικοῖς
818 2435 867 2495 καὶ
889 2434 953 2516 περὶ
976 2424 1122 2502 Μυκάλην
1144 2424 1239 2505 ἄλλας
1265 2433 1341 2512 (cod.

215 2549 301 2633 ἅλας)
316 2549 386 2616 εἷναί
399 2575 493 2639 φησιν.
520 2545 634 2626 ταύτας
649 2547 684 2614 δὲ
699 2553 861 2625 Μιλησίους
876 2542 1071 2624 ἀλλάξασθαι
1083 2545 1153 2637 πρὸς
1168 2545 1285 2624 αὐτοὺς.
1303 2551 1344 2614 Μ.

214 2672 314 2735 Πέντε
351 2675 404 2734 εἰσὶ
437 2672 550 2752 Θῆβαι,
579 2663 803 2748 ’Τποπλοίκιαῃ
841 2662 1013 2754 Αἰγύπτιαι,
1052 2661 1196 2731 Βοιώτιαι
1233 2671 1282 2730 καὶ
1315 2671 1345 2730 ἐν

214 2792 382 2872 herema}
420 2790 499 2877 μέρει
532 2793 582 2852 καὶ
614 2792 677 2876 περὶ
710 2782 865 2859 Μυκάλην.
908 2789 944 2855 Β,
969 2790 1004 2851 G.
1028 2789 1068 2849 M.
1089 2786 1122 2848 T.
1178 2786 1343 2850 Habemus

213 2912 310 2994 igitur
323 2913 419 2973 trium
434 2909 610 2972 Thebarum
627 2911 773 2989 indicem,
792 2907 1020 2990 Hypoplaciac‚
1041 2906 1229 2998 Aegyptiae,
1250 2905 1349 2970 Boio·

214 3031 285 3110 tiae,
307 3032 359 3092 cui
380 3031 490 3092 doctus
513 3031 668 3109 interpres
691 3045 732 3088 ex
745 3024 872 3088 Phileae
896 3029 928 3087 et
943 3023 1137 3114 Theopompi
1159 3026 1249 3089 libris
1271 3028 1347 3090 alias

215 3150 294 3213 duas
328 3150 475 3212 adiunxit
502 3149 716 3231 cognomines
761 3143 851 3208 Prior
872 3146 971 3208 index,
994 3147 1089 3208 etiam
1110 3147 1144 3207 in
1168 3146 1294 3207 scholiis
1317 3146 1348 3207 A

214 3270 243 3334 D
266 3273 305 3334 ad
328 3271 415 3334 Iliad.
439 3271 460 3329 Δ
484 3269 545 3330 378
567 3267 695 3350 legitur:
729 3264 827 3345 Θῆβαί
852 3270 922 3326 εἰσιν
948 3271 978 3325 αἱ
1000 3269 1092 3326 πᾶσαι
1113 3272 1187 3347 τρεῖς
1209 3250 1250 3322 ὧν
1272 3261 1347 3345 μέμ-

216 3414 301 3460 νηται
323 3385 338 3452 ὁ
359 3379 497 3460 ποιητής·
528 3387 577 3448 καὶ
602 3386 654 3470 μία
686 3384 747 3469 μὲν,
779 3375 820 3446 ὧν
848 3395 975 3445 ποιεῖται
1006 3386 1054 3442 νῦν
1081 3372 1179 3465 λόγον
1203 3386 1233 3442 αί
1249 3374 1348 3443 ‘Tao-

215 3501 348 3587 πλάκιαι,
373 3499 413 3570 ὧν
436 3507 583 3592 μέμνηται
604 3505 633 3564 ἐν
656 3508 694 3584 τῇ
718 3504 743 3565 Α
770 3504 819 3564 καὶ
839 3506 877 3570 τῆ
901 3502 939 3562 Ζ·
972 3501 1022 3561 καὶ
1043 3505 1073 3560 αἱ
1094 3490 1263 3585 Αἰγύπτιαι,
1285 3501 1348 3585 περὶ

218 3617 258 3710 ᾦν
280 3650 367 3712 φησιν
390 3627 420 3686 ἐν
441 3629 478 3705 τῇ
501 3624 526 3704 l,
548 3643 683 3706 qnorum
704 3623 783 3688 conf.
806 3621 902 3684 schol.
923 3622 954 3683 A
976 3619 1046 3681 366.
1092 3617 1171 3694 Quis
1193 3638 1268 3681 rero
1290 3619 1347 3684 has

218 3753 281 3811 tros
303 3747 509 3830 cognomines
532 3720 744 3826 composuerit
773 3761 814 3804 cx
846 3739 1008 3804 Strabonis
1037 3739 1144 3802 verbis
1166 3737 1245 3799 Vlll
1267 3739 1346 3800 338:

213 3857 439 3950 Ἀπολλόδωρος
467 3857 501 3926 δὲ
530 3853 688 3938 διδάσκων,
721 3858 754 3923 ὃν
779 3852 888 3945 τρόπον
910 3854 926 3920 ὁ
948 3851 1073 3928 ποιητὴς
1094 3857 1185 3917 εἴωθε
1207 3847 1347 3926 διαστέλ-

216 3992 328 4050 λεσθαι
348 3979 404 4058 τὰς
425 3972 585 4066 ὁμονυμιοίς
606 3984 673 4041 κτλ.
705 3981 863 4058 conicia83
895 3977 967 4060 quis
988 3976 1128 4057 reliquas
1150 3973 1298 4036 adiecerit
1321 3974 1348 4035 si

216 4105 406 4184 recordaris,
437 4102 704 4186 quemadmodum
734 4099 909 4179 Didymum
938 4095 1122 4178 Apollodori
1153 4094 1258 4175 copias
1292 4112 1349 4156 ex·

219 4227 377 4306 cerpsisse
400 4223 550 4301 vidimuS,
573 4221 641 4301 ipse
665 4217 885 4301 suspicaberis.

302 4343 524 4426 Apollodori
547 4340 661 4402 deinde
682 4339 835 4400 rationem
857 4334 1053 4416 explicatum
1069 4333 1147 4394 mihi
1162 4330 1348 4394 ordiendum
