3068 5202
703 435 910 494 ,12-

240 614 458 678 Aristarchum
494 619 572 680 duas
611 620 694 701 apud
721 618 898 681 Homerum
930 619 1114 682 distinxisse
1144 619 1370 702 Orchomenos,

240 733 423 796 Arcadicum
448 740 479 797 et
497 734 686 798 BeeetIcam.
718 736 755 798 ef.
772 736 867 797 schol.
885 733 911 794 B
927 737 1004 798 511:
1025 730 1209 820 Ὀρχομενὸν
1224 731 1368 800 Μινύειον·

240 845 259 920 η
285 844 374 921 διπλῦΙ
397 850 445 914 ὅτι
467 855 517 915 καὶ
539 854 638 939 ἕτερος
656 845 848 941 Ὀρχομενός.
892 851 956 914 ἀλλ’
989 848 1005 914 d
1028 852 1081 938 μὲν
1103 851 1289 929 Βοιωτιακὸς
1311 857 1369 918 Μι-

241 961 332 1044 νύειος
360 976 505 1050 καλεῖται,
528 968 544 1035 ὁ
567 967 601 1034 δὲ
620 965 792 1059 Ἀρκαδικὸς
819 963 1009 1056 πολύμηλος·
1055 975 1104 1034 καὶ
1132 983 1193 1046 τοῖς
1219 973 1371 1048 ἐπιθέτοις

242 1079 454 1151 διαστέλλεται
475 1085 494 1159 η
516 1085 670 1175 ὁμωνυμία
688 1093 718 1154 A
741 1096 771 1154 et
793 1091 831 1153 ad
852 1091 988 1153 eundem
1003 1110 1131 1154 versum
1147 1094 1178 1154 in
1195 1093 1281 1154 codd.
1299 1092 1368 1156 BL:

239 1199 299 1266 ἀπὸ
321 1206 433 1268 Μινυοῦ
451 1212 506 1268 τοῦ
528 1198 660 1291 Σισύφου
689 1211 744 1268 τοῦ
769 1197 889 1284 Αἰόλου,
913 1201 928 1268 ὁ
954 1198 989 1267 δὲ
1007 1199 1160 1292 Ἀρκαδίας
1187 1205 1371 1295 Ὀρχομενὸς

239 1315 421 1405 πολύμηλος.
445 1331 475 1388 et
498 1327 592 1388 schel.
610 1326 636 1388 B
658 1328 733 1388 605:
757 1319 827 1411 πρὸς
848 1320 902 1394 viu
923 1320 1091 1409 ὁμωνυμίαν
1109 1325 1370 1413 τοῦὈρχομενοῦ,

240 1441 288 1504 ὅτι
323 1449 368 1525 τῷ
407 1445 540 1524 ἐπιθέτῳ
571 1437 755 1507 διέσταλκεν.
808 1445 900 1507 Hanc
932 1446 1104 1507 Aristarchi
1136 1447 1371 1511 distinctionem

238 1563 466 1645 Apollodorum
497 1567 530 1627 in
565 1565 713 1647 Catalogo
745 1565 904 1645 recepisse
936 1583 977 1625 ex
1009 1561 1160 1626 Strabone
1190 1565 1277 1647 VIII,
1310 1569 1370 1630 338

240 1682 410 1744 discimus:
430 1674 654 1768 Ἀπολλόδωρος
677 1674 712 1744 δέ
734 1674 893 1759 διδάσκων,
917 1679 950 1744 ὃν
971 1673 1079 1767 τρόπον
1100 1676 1115 1744 ὁ
1139 1678 1264 1757 ποιητὴς
1278 1687 1370 1747 είωίλε

240 1791 476 1862 διαστέλλεσθαι
506 1795 561 1874 τὰς
589 1796 766 1886 ὁμωνυμίας,
790 1797 850 1896 οἷον
872 1803 918 1862 ἐπὶ
939 1806 994 1862 τοῦ
1023 1799 1209 1886 Ὀρχομενοῦ
1239 1797 1291 1865 τὸν
1318 1802 1370 1888 μὲν

235 1912 408 2002 Ἀρκαδικὸν
441 1910 613 2003 πολύμηλον
646 1923 755 1996 καλῶν,
789 1913 842 1981 τὸν
869 1913 904 1979 δὲ
936 1913 1100 1980 Βοιωτικὸν
1133 1911 1268 1982 Μινύειον
1302 1927 1369 1984 κτλ.

240 2036 423 2118 Catalogum
445 2057 519 2100 rere
542 2043 596 2100 aut
616 2039 748 2101 fortasse
768 2040 870 2121 ipsiUs
884 2039 1056 2100 Aristarchi
1072 2042 1313 2103 commentarios
1329 2078 1367 2086 —

239 2156 298 2218 hoe
327 2159 412 2218 enim
434 2157 503 2219 loeo
526 2157 690 2219 diiudicari
720 2160 831 2240 nequit
861 2195 901 2203 —
930 2161 1097 2240 exscripsh
1123 2164 1213 2221 vetus
1242 2158 1369 2222 Pindari

238 2266 407 2357 interpreS,
436 2275 585 2336 nimirum
617 2272 785 2355 Didymus
813 2275 852 2337 ad
876 2273 999 2356 Olymp.
1022 2273 1112 2356 XIV,
1136 2277 1169 2337 1:
1211 2274 1367 2359 Ἀσωπίχῳ

237 2390 436 2478 Ὀρχομενίῳ’
469 2380 557 2465 οὖτος
578 2392 691 2461 ένίκησε
712 2385 768 2461 την
791 2383 829 2453 σε’
856 2382 1063 2476 Ὀλυμπιάδα·
1078 2385 1204 2472 σταδίῳ·
1236 2388 1369 2478 Κηφισὸς

236 2504 272 2572 δὲ
293 2506 430 2596 ποταμὸς
452 2512 481 2572 έν
497 2509 682 2598 Ὀρχομενῷ,
711 2515 785 2573 tosa
822 2513 871 2573 καὶ
900 2502 1029 2598 Χάριτες
1058 2517 1218 2597 τιμῶνται·
1246 2503 1369 2586 ταύταις

238 2624 295 2716 γάρ
314 2627 491 2709 Ἐτέοκλος,
512 2625 527 2693 ὁ
552 2631 689 2715 Κηφισοῦ
711 2635 766 2692 τοῦ
788 2636 927 2716 ποταμοῦ
950 2623 1017 2708 υίύς,
1040 2637 1159 2717 πρῶτος
1180 2635 1302 2708 ἔθυσεν,
1329 2629 1369 2704 ὥς

237 2770 324 2834 φησιν
344 2741 499 2822 Ἡσίοδος.
523 2741 572 2811 διά
594 2743 629 2811 δὲ
655 2755 710 2812 τοῦ
734 2748 920 2836 Ὀρχομενοῦ
950 2745 965 2811 ὁ
997 2745 1132 2835 Κηφισὸς
1161 2753 1216 2832 ρεῖ.
1257 2740 1310 2810 δύο
1334 2741 1369 2810 δὲ

232 2865 420 2954 Ὀρχομενοί,
443 2862 531 2952 ὁμὲν
558 2858 692 2940 Μινύειος
713 2869 743 2928 έν
765 2866 905 2946 Βοιωτία,
930 2860 945 2925 ὁ
968 2858 1003 2925 δὲ
1021 2857 1195 2949 πολύμηλος
1217 2866 1247 2926 έν
1264 2862 1369 2951 Ἀρκα-

237 2977 299 3065 δία.
321 2988 376 3045 τοῦ
398 2975 433 3044 δὲ
456 2981 593 3045 Μινυείου
613 2987 661 3043 νῦν
684 2981 841 3066 μέμνηται.

319 3103 404 3165 Hine
425 3104 488 3164 iam
511 3104 641 3164 certiore
662 3103 783 3164 ratione
804 3101 942 3164 ludieare
964 3101 1037 3162 lieet
1066 3101 1105 3163 de
1128 3104 1185 3181 eis,
1218 3122 1298 3183 quae
1328 3103 1366 3164 de

236 3224 370 3286 diversis
401 3223 489 3304 Pylis
523 3221 697 3302 Didymum
730 3241 771 3284 ex
802 3221 985 3305 Apollodori
1019 3221 1157 3304 catalogo
1191 3222 1366 3301 sumpsisse

236 3346 389 3425 suspicor.
434 3343 484 3404 Ad
512 3341 539 3404 B
570 3343 630 3404 590
662 3342 747 3403 enlm
780 3341 946 3403 adnotatur
975 3341 1007 3401 iu
1036 3339 1123 3402 codd.
1156 3337 1229 3400 BL:
1274 3338 1310 3399 et
1332 3331 1367 3399 δὲ

235 3452 356 3523 Πύλον·
381 3453 413 3534 ἐξ
432 3453 542 3523 Αίύλου
573 3450 716 3545 Κριθεύς,
747 3456 779 3531 ὃς
805 3452 935 3520 Ἰωλκὸν
956 3456 1087 3542 κατέσχε
1110 3451 1291 3542 Πελασγούς
1317 3458 1367 3519 έκ-

236 3572 346 3662 βαλτύν.
367 3571 477 3642 τούτου
500 3571 535 3640 δὲ
557 3585 583 3640 ei
597 3570 700 3650 παῖδες
714 3577 830 3650 Πελίας
846 3575 898 3662 μέν
913 3573 977 3660 ἅμα
988 3567 1101 3638 Ἰάσονι
1113 3571 1243 3640 ’ίωλκὸν
1261 3571 1364 3657 ᾤκουν,

236 3695 353 3772 Νηλεὺς
375 3690 410 3759 δὲ
432 3688 536 3759 Πύλον
558 3691 609 3757 σὺν
624 3687 798 3780 Ἀμαθάονι,
818 3693 914 3780 Φέρης
936 3686 972 3756 δὲ
985 3695 1090 3781 Φέρας.
1121 3706 1196 3781 τρεῖς
1218 3686 1366 3756 δὲΠύλοι

234 3816 311 3893 εἰσίν,
328 3815 503 3891 Μεσσηνίας,
518 3813 688 3898 Τριφυλίας,
705 3804 867 3898 Ἀρκαδίας.
892 3817 922 3875 et
943 3815 977 3875 in
990 3814 1056 3876 eod.
1073 3812 1116 3876 D:
1142 3803 1247 3885 Πύλος
1269 3806 1285 3874 d
1308 3807 1364 3876 ὑπὸ

236 3932 363 4018 Νέστορι
384 3938 438 4006 τῆς
460 3931 635 4010 Μεσσηνίας,
657 3925 694 3993 τὸ
717 3932 767 3992 καὶ
786 3921 981 4018 Κορυφάσιον,
1005 3925 1021 3992 ὁ
1044 3922 1078 3991 δὲ
1094 3921 1248 4014 Ἀρκαδίας
1269 3923 1287 3994 ri
1310 3934 1365 3991 τοῦ

235 4050 385 4137 Νέστορος
413 4052 531 4136 πατρίς,
565 4045 580 4113 ὁ
603 4044 638 4113 δὲ
659 4056 713 4124 τῆς
735 4049 861 4123 Ἠλείας
889 4044 970 4135 παρά
998 4044 1053 4117 την
1080 4048 1219 4112 Ὠλενίαν
1245 4047 1363 4134 πέτραν.

233 4170 376 4234 Similem
397 4171 462 4234 fere
482 4171 521 4233 do
543 4171 643 4234 tribus
666 4169 753 4251 Pylis
776 4169 1020 4250 explicationem
1042 4171 1245 4252 proposuisse
1267 4169 1364 4251 Apol-

233 4289 389 4371 lodorum,
413 4310 454 4354 ex
479 4290 631 4355 Strabone
654 4290 731 4352 l'lll
755 4291 817 4352 339
842 4295 873 4352 at
902 4291 963 4352 340
992 4289 1115 4372 collige,
1138 4291 1193 4372 qui
1220 4291 1288 4372 ipso
1309 4289 1363 4351 illo
