3068 5202
604 465 646 472 fl
690 429 813 508 277.

228 607 296 670 lam
324 610 426 690 qualis
456 610 551 674 fucrit
577 615 750 677 Aristarchi
781 616 835 677 illa
862 615 900 676 de
929 612 1120 695 Pylaemene
1154 617 1205 678 vel
1237 616 1276 678 de

143 727 360 807 homonymiis
383 731 562 813 explicatio,
587 735 796 816 inquiramus,
843 732 963 796 Seriem
995 735 1078 796 enim
1107 733 1277 797 verborum

143 849 320 910 accuratius
344 849 372 909 si
393 852 524 934 inspicis
546 855 581 914 in
603 855 704 936 priore
724 853 914 935 fragmento:
942 853 1075 928 Αἴαντες,
1097 843 1275 937 Εὐρυβάται,

143 969 176 1028 in
200 967 311 1029 altero:
334 960 465 1052 Σχεδίον,
488 963 722 1056 Εὐρυμέδοντες,
745 961 924 1058 Εὐρυβάται,
944 961 1110 1055 Ἄδραστον,
1129 962 1276 1054 Ἀκάμαν-

143 1107 202 1163 τες,
220 1076 380 1162 Ἀστύνοον,
404 1078 549 1166 Θόωντες,
573 1080 769 1172 Μελάνιππον,
788 1089 987 1177 Ὀρελέσται,
1011 1082 1180 1176 Πυλάρται,
1203 1089 1277 1151 llat-

145 1199 263 1292 σανδροι
284 1226 393 1268 nonne
415 1207 505 1269 vides
535 1209 746 1289 homonymos
769 1229 840 1272 esse
862 1215 984 1293 praeter
1011 1215 1074 1274 tros
1103 1213 1135 1273 in
1158 1212 1277 1273 litteras

144 1325 308 1408 digestos?
348 1326 388 1387 Et
412 1327 459 1388 illi
483 1331 546 1389 tres
574 1320 708 1411 Σχεδίον,
743 1321 980 1414 Ευρυμέδοντες,
1012 1320 1182 1415 Εὐρυβάται
1215 1349 1278 1411 qua

143 1447 264 1507 ratione
288 1448 454 1527 compositi
477 1449 541 1508 sint
560 1447 712 1511 discimus
735 1469 752 1511 e
776 1451 871 1512 schol.
896 1449 922 1511 B
947 1450 1006 1511 517
1030 1449 1096 1511 BL:
1121 1439 1177 1509 Ado
1198 1447 1278 1531 Σχε-

144 1557 201 1626 δίοι
230 1562 294 1649 παρ’
320 1556 444 1650 Ὁμήρῳ
466 1558 612 1650 ,Σχεδίον
634 1559 821 1653 Περιμήδεος
842 1559 920 1630 υἱόνιι
943 1570 993 1630 καὶ
1016 1560 1162 1652 ,Σχεδίον
1185 1588 1278 1651 μεγα-

144 1673 244 1768 θύμου
270 1680 387 1767 ’ίρίτου
414 1675 502 1746 etde.
545 1687 595 1746 καὶ
621 1677 674 1747 δύο
707 1678 876 1772 Εὐρυβάται
903 1678 1040 1773 κήρυκες,
1072 1681 1087 1749 ὁ
1119 1685 1171 1771 μὲν
1189 1685 1279 1769 Ἀγα-

146 1800 296 1886 μέμνονος,
320 1796 335 1863 ὁ
359 1793 394 1862 δὲ
412 1795 594 1877 Ὀδυσσέως.
638 1795 727 1866 πάλιν
741 1827 776 1866 τε
792 1796 845 1868 δυο
861 1799 1092 1892 Εὐρυμέδοντες,
1109 1803 1124 1868 ὃ
1142 1828 1177 1867 τε
1189 1803 1278 1888 Ἀγα-

146 1919 287 2006 μέμνονος
318 1922 367 1982 καὶ
392 1917 407 1984 ὃ
439 1922 589 2010 Νέστορος-
615 1918 741 2008 ἡνίοχος.
784 1925 949 1989 Habemus
980 1929 1067 1989 enim
1100 1925 1279 2006 Schedium,

146 2041 185 2104 de
207 2063 270 2124 qua
302 2044 423 2124 agitur,
456 2047 487 2104 et
516 2046 663 2126 exempla
692 2045 754 2108 duo
779 2065 891 2108 rursus
918 2047 1091 2109 litterarum
1115 2046 1224 2108 ordine
1244 2063 1278 2106 se

148 2163 345 2243 excipientis.
383 2163 525 2244 Apparet
547 2165 643 2246 igitur
664 2165 741 2226 haec
763 2167 821 2227 tria
842 2167 973 2228 nomina
987 2167 1061 2228 hinc
1082 2166 1158 2228 illuc
1177 2169 1279 2227 trans·

148 2279 209 2342 lata
230 2299 300 2343 esse
329 2285 360 2343 et
381 2286 596 2363 excerptorem
619 2283 733 2346 deinde
756 2283 795 2346 ab
811 2286 902 2346 initio
925 2284 1104 2348 exscribere
1126 2287 1279 2368 incipien-

146 2403 210 2462 tem
240 2419 314 2462 cum
344 2419 380 2463 eo
408 2403 625 2482 pervenisset,
658 2400 714 2464 ubi
735 2394 862 2485 Σχεδίος
890 2423 1006 2467 nomen
1035 2406 1174 2486 positum
1204 2409 1279 2484 erat,

147 2519 177 2580 h.
203 2537 229 2580 e.
254 2519 414 2601 usquead
445 2520 581 2582 litteram
609 2519 846 2583 {substitisse
890 2520 1018 2604 Reliqui
1045 2525 1151 2584 autern
1171 2523 1280 2585 homo-

144 2638 238 2717 nymi
258 2642 293 2699 ut
314 2639 349 2700 in
368 2639 486 2701 litteras
508 2639 622 2721 digesti
645 2641 718 2720 sint,
735 2621 811 2702 sane
832 2659 898 2701 non
913 2658 990 2702 casu
1004 2641 1140 2721 quodam
1162 2641 1279 2702 factum

147 2761 205 2838 est,
228 2757 284 2820 sed
305 2762 417 2819 natura
440 2762 534 2840 atque
556 2759 663 2821 indole
686 2761 755 2822 eius
775 2760 856 2839 libri,
878 2778 920 2820 ex
944 2779 1007 2842 quo
1031 2761 1171 2842 excerpti
1194 2763 1276 2820 sunt.

146 2873 231 2938 Talis
259 2895 335 2938 vero
364 2877 538 2940 litterarum
567 2879 640 2941 ordo
673 2899 738 2941 non
760 2870 977 2963 ὑπομνίματα,
1010 2879 1064 2942 sed
1100 2868 1280 2962 σύγγραμμα

148 2995 308 3076 quoddam
329 2998 488 3078 peculiare
510 2999 678 3081 rodolet*).

149 3270 260 3335 quorum
278 3268 383 3322 ratione
401 3270 470 3323 iufra
488 3269 639 3322 accuratius
658 3268 754 3330 dicam,
774 3261 856 3321 ceteri
873 3268 946 3320 nullo
967 3268 1019 3320 alio
1038 3267 1201 3320 scholiorum
1221 3267 1280 3320 loco

148 3355 275 3408 citantur.
312 3354 388 3420 Quod
412 3372 472 3409 cum
496 3372 560 3409 casu
585 3355 687 3408 factum
712 3371 769 3407 essa
792 3357 920 3422 nequeat,
945 3356 986 3406 ita
1006 3352 1190 3422 explicandum
1213 3353 1281 3406 mihi

147 3440 266 3504 videtur,
292 3445 324 3494 ut
348 3458 498 3506 sumamus,
523 3459 583 3496 cum
608 3443 823 3510 grammaticum,
848 3441 924 3494 cuius
950 3443 1008 3493 erat
1033 3456 1123 3492 omnes
1150 3438 1281 3507 explicare

150 3525 309 3596 ὁμωνυμίαν,
336 3546 372 3582 sc.
392 3529 583 3592 Aristonicum,
608 3545 669 3582 cum
693 3528 742 3580 has
765 3527 847 3580 semel
871 3543 923 3579 uno
950 3544 1032 3595 eoque
1059 3525 1201 3593 conspicuo
1224 3525 1282 3579 loco

147 3614 338 3678 adnotavisset,
357 3614 409 3668 alio
428 3615 533 3668 easdam
551 3618 670 3684 repetere
689 3615 812 3668 noluisse.

219 3702 292 3767 Quae
310 3717 370 3754 cum
388 3701 429 3753 ita
445 3702 508 3764 sint,
528 3701 591 3754 hinc
606 3718 710 3771 quoque
728 3700 849 3755 concludi
861 3703 959 3770 potest,
979 3698 1048 3769 quod
1060 3698 1131 3752 infra
1144 3697 1282 3752 ostendere

147 3787 275 3850 conabor,
300 3786 458 3856 σύγγραμμα
484 3786 565 3840 fuisse
586 3787 737 3842 Aristarchi
761 3788 859 3840 librum
877 3788 969 3851 illum,
995 3804 1026 3840 ax
1044 3803 1094 3856 quo
1113 3785 1282 3840 Aristonicus

147 3875 217 3928 hanc
236 3873 387 3927 doctrinam
404 3874 503 3927 hausit.
540 3872 610 3927 Nam
631 3875 655 3926 si
674 3875 888 3937 commentarios,
910 3873 1031 3940 singulos
1050 3873 1174 3942 deinceps
1191 3887 1283 3924 versus

147 3960 321 4029 explicantes,
340 3962 448 4013 secutus
469 3963 547 4022 esset,
566 3960 622 4029 ipsc
641 3961 755 4028 singulis
773 3963 889 4024 tantum,
909 3975 960 4029 quo
980 3974 1099 4027 quaeque
1120 3957 1197 4011 obvia
1216 3959 1282 4021 arat,

146 4047 213 4100 locis
232 4043 383 4113 ὁμωνυμίας
402 4049 530 4099 notasset.

220 4133 245 4199 1)
264 4132 301 4185 Et
319 4134 350 4184 ut
369 4130 457 4186 videas
475 4149 527 4200 quo
545 4132 622 4185 modo
641 4132 812 4199 grammatici
829 4132 858 4185 in
877 4132 975 4184 talibus
994 4131 1125 4200 excerptis
1138 4130 1283 4200 pristinum

148 4219 267 4296 ordinem
285 4234 389 4272 servare
409 4219 484 4272 soliti
501 4219 570 4282 sint,
598 4218 773 4271 Eustathium
791 4218 911 4282 afferam,
937 4217 982 4286 qui
1000 4218 1057 4286 ipsc
1076 4217 1143 4270 illud
1162 4217 1284 4271 schohon

146 4305 173 4359 N
192 4306 244 4358 643
261 4321 352 4358 rursus
371 4305 504 4373 excerpsit
521 4305 593 4358 hunc
610 4304 640 4356 in
660 4303 784 4357 modum:
811 4299 888 4357 ἄλλοι
913 4300 942 4356 δὲ
964 4300 1118 4372 ὁμωνυμίαν
1144 4302 1285 4358 κάνταῦθα
