3068 5202
681 405 868 464 -8-

207 584 241 645 in
257 583 323 644 ced.
338 583 459 646 Veneto
475 587 520 646 A:
543 580 562 652 η
585 577 684 661 διπλῆ,
708 585 755 648 ὅτι
772 592 826 660 τῆς
842 587 1076 674 Θεσπρωτιεκῆς
1092 579 1226 672 Ἐφόροις
1247 589 1339 674 λέγει,

206 699 261 761 οὐκ
281 703 316 762 ἐκ
337 708 392 774 τῆς
411 704 567 788 Κορίνθου.
612 697 703 772 δῆλον
729 698 764 766 δὲ
793 707 828 766 ἐκ
857 711 913 767 τοῦ
935 698 1130 783 Σελλήεντος,
1157 705 1206 791 ἀφ’
1233 700 1267 768 οὖ
1289 731 1342 803 καὶ

207 820 317 882 Σελλοὶ
345 829 372 882 οἰ
399 823 548 908 περίοικοι.
604 827 654 885 καὶ
683 822 731 886 ὅτι
759 823 805 886 ἐπ’
840 823 936 887 Ἀσίου
967 826 1066 912 ἕτερος
1100 829 1163 888 ἐστὶ
1195 819 1338 900 Zeti-lag

206 931 350 1022 ποταμός.
393 941 434 1002 Et
461 943 679 1004 Aristarchum
707 963 741 1004 re
769 962 844 1004 uera
869 943 926 1004 has
948 943 1027 1005 duas
1049 949 1171 1006 tantum
1192 945 1338 1027 Ephyres

208 1059 291 1140 apud
318 1059 495 1122 Homerum
522 1061 711 1124 discrevisse
740 1065 834 1124 etiam
864 1063 992 1125 scholiis
1021 1063 1043 1124 Z
1074 1065 1134 1124 152
1161 1069 1194 1126 et
1217 1064 1247 1127 N
1277 1067 1336 1127 301

206 1177 416 1241 confirmatur.
462 1179 523 1241 Sed
546 1201 609 1243 non
640 1183 745 1244 solum
773 1181 972 1262 Demetrius,
1001 1203 1112 1245 rerum
1141 1186 1236 1246 etiam
1264 1183 1339 1248 Par-

206 1299 369 1359 meniscus
413 1300 586 1361 Aristarchi
622 1302 913 1382 interpretationem
945 1301 1142 1384 improbarit.
1202 1303 1338 1365 Versum

207 1417 293 1478 enim
316 1415 344 1477 B
367 1418 444 1479 659:

346 1530 401 1603 rhu
422 1529 506 1620 ἄγετ’
534 1528 567 1610 ἐξ
584 1528 726 1622 Ἐφύρης,
749 1543 889 1622 ποταμοῦ
914 1533 973 1600 ἀπὸ
997 1530 1191 1616 Σελληεντος,

206 1655 240 1733 in
264 1674 326 1735 quo
345 1659 436 1736 poeta
451 1656 490 1717 de
515 1657 684 1736 Astyoche,
706 1655 880 1738 Tlepolemi
902 1663 1021 1740 matre,
1051 1659 1212 1742 loquitur,
1227 1660 1278 1722 hic
1300 1661 1338 1722 ad

206 1769 453 1854 Thesproticam,
475 1775 528 1836 ille
544 1775 583 1836 ad
603 1775 743 1838 Eliacam
761 1775 873 1838 urbem
887 1778 1001 1839 retulit.
1039 1777 1154 1840 Confer
1167 1778 1339 1840 Aristarchi

210 1895 400 1954 sententiam
421 1895 454 1954 in
478 1894 573 1956 schel.
598 1893 625 1955 B
644 1895 723 1957 659:
746 1888 764 1962 η
791 1885 882 1963 διπλῆ
904 1893 953 1956 ὅτι
973 1890 992 1964 ἡ
1012 1887 1133 1981 Ἐφύρη
1156 1893 1232 1964 αὕτη
1254 1895 1341 1982 ἑτέρα

208 2011 272 2072 eae
297 2017 352 2084 τῆς
374 2013 538 2098 Κορίνθου,
565 2018 619 2086 τῆς
642 2013 834 2099 Θεσπρωτίας
862 2007 936 2075 οὖσα
965 2015 1001 2092 Α,
1032 2014 1228 2078 Parmenisci
1255 2017 1341 2097 apud

208 2128 401 2213 Stephanum
431 2152 455 2193 s.
480 2153 510 2193 v.
536 2124 656 2218 Ἐφύρη
684 2134 752 2195 loco
775 2133 867 2196 valde
892 2135 1051 2196 mutilato:
1082 2136 1117 2194 ἐν.
1143 2125 1257 2206 ταύτης
1284 2138 1338 2214 (sc.

204 2246 357 2336 Ἠπείρου)
376 2241 532 2334 Ἀστυόχη,
555 2245 573 2319 η
599 2242 695 2336 μητηρ
720 2251 932 2335 Τληπολέμου,
962 2250 1003 2324 ὥς
1024 2274 1111 2336 φησιν
1123 2251 1265 2338 Ὄμηρος.
1304 2245 1340 2321 ἦν

208 2357 242 2426 δὲ
265 2363 341 2434 αὕτη
372 2370 425 2446 (sc.
454 2387 506 2448 ea,
536 2389 618 2451 quae
639 2372 740 2450 patria
763 2371 942 2450 Astyochae
965 2372 1074 2453 erat¹)'
1094 2363 1208 2455 μεταξὺ
1231 2363 1338 2432 Πύλου

207 2487 257 2546 καὶ
274 2477 410 2562 Ἤλιδος,
434 2480 474 2558 ὡς
494 2486 700 2571 Παρμενίσκος
722 2489 816 2571 φησίν.

291 2603 357 2666 lam
381 2625 455 2668 vero
476 2610 540 2667 tota
560 2611 702 2668 veterum
725 2609 999 2689 grammaticorum
1015 2609 1054 2670 de
1072 2609 1208 2691 Ephyris
1231 2611 1339 2692 dispu-

206 2725 281 2786 tatio
303 2725 347 2786 ita
366 2725 517 2806 patefacta
539 2745 611 2788 esse
629 2727 769 2806 videtur,
802 2731 838 2790 ut
859 2728 939 2789 nihil
959 2729 1104 2790 rehctum
1126 2731 1181 2808 sit,
1212 2729 1250 2791 de
1274 2749 1337 2812 quo

204 2842 339 2904 dubitari
363 2847 506 2925 possit2t.
558 2845 608 2907 Ab
636 2847 813 2908 Aristarcho
846 2848 942 2928 igitur
971 2848 1126 2926 profecta,
1158 2850 1194 2908 ut
1223 2850 1334 2929 paucis
1386 2891 1393 2902 ·

203 2967 354 3042 repetam,
377 2981 459 3044 quae
481 2963 582 3025 adhuc
601 2965 746 3046 exposui,
772 2967 835 3026 tota
860 2966 1002 3044 quaestio
1023 2967 1081 3027 hos
1104 2967 1197 3048 quasi
1218 2968 1334 3050 gradus

204 3082 370 3163 percurrit:

204 3280 260 3288 ,ψ-
274 3282 400 3288 -—.-,-
409 3283 414 3287 .

276 3421 300 3478 ll
320 3423 360 3477 Of.
380 3421 449 3491 quod
467 3423 614 3475 Meinekius
637 3423 671 3476 ad
696 3423 767 3476 hunc
791 3423 879 3476 locum
903 3421 1049 3474 adnotavit.
1092 3420 1333 3490 Quomodoeunque

204 3511 295 3563 autem
319 3509 442 3562 lacunam
460 3509 577 3576 suppleri
595 3509 643 3572 vis,
665 3509 716 3563 hoc
735 3509 840 3578 quidem
859 3507 1030 3560 manifestum
1049 3511 1098 3570 est,
1122 3507 1333 3568 Parmeniseum,

203 3597 228 3649 si
244 3595 364 3649 Eliacam
378 3595 515 3664 Ephyram
536 3593 633 3648 alicubi
651 3593 684 3647 ab
705 3595 821 3647 Homero
839 3593 986 3670 significari
1003 3594 1116 3662 putavit,
1135 3593 1168 3646 ab
1181 3593 1333 3646 Aristarchi

204 3683 339 3736 sententia
355 3682 502 3736 recessisse.

273 3772 301 3837 2)
321 3770 394 3834 Quae
413 3785 472 3822 eum
491 3768 531 3821 ita
548 3769 603 3821 sint
621 3784 674 3821 uon
691 3767 745 3819 iam
764 3768 795 3818 ut
813 3766 878 3819 feeit
889 3766 1026 3819 Berkelius
1044 3766 1076 3819 de
1095 3766 1225 3834 Stephani
1246 3765 1333 3818 verbis

204 3856 409 3925 desperabimus,
427 3856 455 3907 in
473 3855 557 3907 tantis
576 3853 662 3907 turbis
680 3869 797 3921 uuquam
816 3853 872 3906 fere
891 3853 1026 3915 medelam,
1044 3869 1129 3921 neque
1141 3854 1173 3904 ut
1185 3851 1333 3904 Meinekius

203 3943 256 3996 leri
280 3942 418 3995 verborum
447 3941 596 3994 mutatione
620 3941 708 3994 locum
735 3939 821 3993 obiter
847 3955 941 3992 sanare
965 3937 1143 4001 studebimus,
1176 3937 1222 3990 sed
1246 3939 1331 3990 totam

203 4031 355 4098 spectantes
373 4027 575 4095 exphcationem
594 4027 761 4095 Stephanum
779 4027 915 4094 integrum
933 4025 1074 4078 restituere
1092 4025 1248 4093 poterimus.

272 4115 350 4168 Alter
366 4130 428 4166 vere
446 4113 617 4182 Ephyramm
634 4113 721 4178 index,
746 4115 793 4183 qui
811 4112 982 4182 subsequitur
998 4110 1069 4180 apud
1089 4110 1264 4179 Stephanum,
1288 4127 1332 4163 eo·

202 4202 262 4256 dem
287 4201 365 4254 modo
388 4200 511 4254 resarciri
529 4201 630 4269 nequit,
656 4218 716 4254 eum
736 4201 805 4254 unde
822 4201 934 4254 haustus
952 4199 990 4252 sit
1007 4198 1094 4250 adbuc
1110 4213 1205 4265 parum
1223 4197 1331 4265 liqueat.

203 4289 303 4353 Quodsi
320 4305 380 4342 vero
398 4287 506 4342 Niesius
524 4287 576 4356 (De
594 4288 725 4358 Stephani
742 4288 804 4356 Byr.
825 4286 942 4340 fontibus
963 4286 1051 4340 Kiliae
1066 4284 1133 4338 1873
1150 4301 1176 4353 p.
1189 4284 1235 4349 44)
1253 4285 1333 4352 putat
