3068 5202
710 473 747 533 17
797 509 833 516 .-

162 657 205 736 ὡς
226 653 394 747 ἀρεδοόσας
414 667 539 723 καλοῦσι
556 655 611 734 τάς
633 651 739 740 (πάσας
760 657 925 732 Meineok.)
949 646 1063 740 αρ’όνας,
1093 643 1239 738 ἀγνοησας
1259 644 1293 712 δὲ

162 770 285 865 Κράτης
305 772 497 866 μεταγράφει

492 900 538 960 ἐπὶ
560 899 617 982 [τε]
640 889 744 984 κρηνης
767 887 957 982 μελανύδρου.

248 1017 373 1082 Tertius
396 1019 436 1081 ad
450 1017 625 1098 Didymum
647 1023 677 1080 et
702 1016 934 1079 Heracleonem
960 1013 1164 1095 Epaphroditi
1188 1017 1296 1074 auctor

163 1139 284 1202 aceedit
312 1136 527 1218 PhiloxenuS,
557 1138 595 1198 de
618 1157 680 1218 qno
702 1137 774 1198 vide
798 1133 901 1216 Steph.
927 1153 950 1194 a.
971 1154 1001 1193 ν,
1027 1121 1168 1198 Δωδώνη.
1211 1121 1296 1202 πόλις

164 1261 220 1329 τῆς
242 1247 433 1328 Μολοσσίδος
456 1256 486 1315 ἐν
504 1253 646 1340 Ἠπείρῳ,
671 1251 739 1314 καθ’
766 1250 802 1322 ἢν
824 1245 1001 1323 Δωδωναῖος
1022 1242 1097 1322 Ζεύς

377 1365 523 1446 Δωδώνης
544 1366 658 1458 μεδέων
679 1365 852 1457 δυχειμέρου

165 1494 216 1553 καὶ
231 1483 378 1564 Διονύσιος

375 1602 521 1684 Δωδώνης
540 1605 656 1696 ἤπειρος
677 1607 824 1694 ἀπείριτος
846 1600 1068 1669 ἐατετάνυσται,

168 1721 330 1803 Φιλόξενος
358 1722 393 1791 δὲ
422 1725 437 1791 ό
465 1725 520 1798 την
544 1722 722 1791 Ὀδυσσείαν
743 1719 993 1812 όπομνηματίζων
1013 1717 1065 1787 δόο
1089 1727 1159 1810 φησὶ
1179 1723 1299 1788 Θεττα-

168 1843 256 1917 λικὴν
285 1851 335 1910 καὶ
357 1839 578 1934 Θεσπρωτιαιόν,
610 1845 706 1919 οὕτως
728 1838 895 1924 ,Δωδώνην
917 1851 964 1905 νῦν
987 1867 1058 1930 φησι
1079 1838 1134 1912 την
1157 1842 1299 1927 Θεσπρω-

170 1959 264 2045 τικην,
286 1967 316 2028 ἐν
336 1968 355 2033 η
372 1961 408 2026 τό
432 1976 568 2052 μαντεῖον
591 1967 625 2026 ἐκ
647 1971 700 2038 τῆς
722 1956 815 2051 δρυός,
838 1964 924 2050 ἑτέρα
947 1956 1017 2032 δὲη
1042 1953 1223 2038 Θετταλικά,
1247 1959 1295 2046 ἀφ’

171 2075 206 2158 ἧς
226 2080 408 2170 όἈχιλλεὺς
430 2089 518 2146 καλεῖ
536 2080 589 2147 τόν
610 2085 692 2146 Δία.“
737 2088 814 2145 ἔοικε
837 2076 871 2144 δὲ
890 2080 986 2155 οὕτως
1009 2082 1206 2149 ἐπιλελῆσθαι
1227 2074 1264 2141 τὸ

783 2179 789 2186 „
855 2200 931 2287 ἀμφὶ
952 2193 987 2262 δὲ
1009 2201 1119 2262 Σελλοὶ

343 2323 388 2382 σοὶ
409 2318 517 2382 ναίουσ’
545 2315 696 2404 ὑποφῆται
719 2311 914 2392 ἀνιπτόποδες
935 2325 1122 2404 χαμαιεῦναι.

171 2443 237 2510 πῶς
263 2433 320 2523 γὰρ
348 2431 467 2500 τούτων
494 2438 641 2522 μέμνηται
670 2433 728 2500 ἀπὸ
751 2438 940 2510 Θετταλικῆς
964 2442 1066 2498 καλῶν
1088 2430 1192 2511 αὐτόνς
1222 2435 1302 2499 οὕτω

172 2549 209 2617 δὲ
238 2557 288 2616 καὶ
315 2548 538 2642 ’Ἐπαφρόδιτος
569 2558 598 2617 ἐν
626 2578 664 2637 τη
693 2547 722 2616 π’
747 2561 802 2629 τῆς
820 2548 955 2630 Ἰλιάδος
979 2561 1072 2638 ,τιμᾷ
1092 2551 1163 2629 τοὺς
1189 2557 1219 2616 ἐν
1240 2557 1305 2617 Δω-

171 2667 259 2757 δώνη·
278 2677 402 2758 ἔχοντας
423 2671 560 2758 ἐπιφανὲς
582 2684 720 2758 μαντεῖον

445 2790 498 2857 τὸν
520 2787 547 2855 δ’
576 2796 605 2867 ἐς
622 2785 769 2863 Δωδώνην
791 2785 869 2879 φάτο
893 2785 1025 2878 βήμεναι,

177 2912 352 2983 ἐπιαὲαληκε
375 2905 409 2974 δὲ
428 2905 581 2996 Ἀχιλλεὺς
602 2905 655 2972 τὸν
678 2912 708 2972 ἐν
723 2909 876 2992 Θεσσαλίᾳ
897 2915 1072 2994 γειτνιῶντα
1093 2903 1172 2988 θεόν,
1197 2905 1237 2984 ὡς
1256 2913 1305 2973 καὶ

177 3023 336 3118 Πάνδαρος
356 3025 478 3117 εὔχεται
498 3035 543 3111 τῷ
568 3029 731 3114 Λυκηγενεῒ
750 3024 842 3092 καὶ·ὁ
864 3021 983 3115 Χρύσης
1003 3037 1049 3112 τῷ
1072 3030 1199 3116 Σμινθεῖ
1218 3035 1304 3091 κτλ.“

174 3150 338 3214 Exsoribit
367 3151 426 3213 hoe
453 3151 521 3212 loeo
543 3149 777 3231 ethnographus
802 3149 1009 3231 Epaphroditi
1029 3153 1061 3211 in
1084 3150 1117 3210 ll
1140 3152 1201 3212 233
1222 3170 1306 3213 eom-

174 3271 417 3348 mentationem,
446 3271 500 3350 qui
525 3268 653 3350 quIdem
679 3269 748 3350 ipso
776 3272 807 3329 et
832 3266 1002 3330 Philoxeni
1030 3259 1231 3354 ὑπομνίματα
1252 3273 1306 3342 τῆς

170 3380 353 3459 Ὀδυσσείας
375 3392 405 3449 et
426 3387 607 3469 Apollodori
629 3386 804 3467 catalogum
827 3404 900 3447 oum
921 3386 1101 3476 auctoribus
1125 3391 1194 3451 eins
1210 3388 1308 3452 Cinea

176 3511 209 3590 et
241 3507 339 3570 Suida
365 3506 461 3569 affert.
507 3504 569 3568 Sed
596 3525 636 3567 ne
662 3505 771 3567 eredas
795 3504 989 3588 Stephanum
1012 3509 1117 3589 ipsum
1138 3506 1308 3571 Philoxeni

177 3629 420 3688 oommentan'os
436 3625 563 3705 adiisse,
584 3627 658 3706 quia
673 3624 799 3706 singula
814 3626 884 3686 eius
899 3623 996 3686 verba
1010 3626 1162 3708 redderet,
1184 3629 1308 3710 inspice

179 3749 300 3808 ooteras
322 3744 417 3806 lexioi
448 3747 561 3826 partho,
592 3763 672 3825 quae
692 3747 833 3825 integrao
854 3742 947 3806 nobis
970 3763 1013 3805 ex
1030 3744 1110 3806 libro
1132 3745 1213 3808 XIII
1245 3767 1309 3810 ser-

179 3868 266 3926 satae
293 3867 371 3924 sunt
389 3863 463 3924 inde
485 3882 503 3924 a
524 3880 602 3923 vooe
623 3861 753 3944 Δυμᾶνες
772 3880 876 3943 usque
898 3863 936 3925 ad
958 3855 1089 3926 Δώτισνε
1113 3866 1236 3929 ridebis
1258 3869 1309 3931 hio

177 3988 223 4045 tot
245 4002 342 4064 opera
364 3972 519 4054 αὐτολεξεί
546 3982 706 4062 exscripta
735 3999 823 4060 esse,
847 3984 883 4042 nt
909 3983 961 4044 vel
988 4004 1084 4046 nemo
1113 3989 1219 4048 omnia
1248 3989 1310 4069 ipsi

180 4101 342 4183 Stephano
368 4106 490 4182 praesto
519 4102 618 4164 fuisse
648 4100 824 4163 contendat.
880 4099 980 4164 Immo
1012 4105 1242 4189 Epaphroditus
1275 4111 1311 4169 ut

180 4218 251 4280 aliis
280 4218 359 4280 locis
392 4222 492 4301 (velut
513 4240 536 4283 s¹
561 4242 590 4282 v.
614 4212 742 4306 Δρυόπη·
773 4216 813 4293 ὡς
837 4214 1022 4309 Ἡρόδωρος,
1055 4221 1087 4285 ὃν
1113 4225 1311 4311 παρατίθησιν

177 4329 426 4422 Ἐπαφρόδιτος),
453 4341 498 4401 sio
513 4342 607 4402 etiam
623 4341 673 4402 hio
689 4343 767 4422 ipsis
784 4344 919 4405 auctoris
934 4342 1040 4406 verbis
1055 4346 1161 4408 utitur.
1193 4345 1313 4408 Etiam-

1100 4455 1117 4506 2
