3068 5202
661 433 961 493 -23-..

198 619 269 680 silai
292 625 368 680 rrrhs
401 617 512 680 eodem
541 618 633 680 modo
657 621 897 700 componuntur.
943 615 1010 678 Nec
1033 615 1136 677 solum
1157 616 1190 676 in
1212 613 1331 676 Home-

199 738 290 816 rioiS,
320 755 430 798 verum
459 738 554 799 etiam
575 739 609 799 in
639 739 828 820 tragicorum
850 737 1084 799 commentariis
1106 732 1330 796 Parmeniscus

199 857 309 918 eadem
331 855 556 938 interpretandi
578 857 699 918 ratione
721 875 800 918 usus
823 859 879 916 est.
925 837 1046 917 Audias
1071 854 1269 916 scholiastam
1293 853 1331 914 ad

200 975 306 1057 Eurip.
331 974 440 1037 Troad.
458 977 537 1036 228:
564 975 688 1060 Κρᾶθις·
711 966 763 1036 llo
786 967 821 1035 δέ
835 961 896 1036 ἐἰσι
917 965 1077 1060 Κράθιδες,
1100 966 1141 1044 ὡς
1163 971 1332 1056 Παρμενίσ-

200 1116 251 1166 κος
274 1093 371 1177 φησίν·
403 1088 419 1154 ὁ
442 1092 495 1177 μὲν
513 1089 568 1156 ὑπὸ
591 1084 805 1162 llsllororrloou
832 1089 887 1166 τὰς
908 1087 1006 1176 πηγὰς
1027 1095 1106 1177 ἔχων
1127 1138 1235 1152 ......
1259 1083 1274 1152 ὁ
1298 1080 1332 1149 δὲ
1408 1103 1412 1112 ’

201 1214 231 1273 ἐν
249 1211 378 1292 Ἰταλίᾳ,
402 1202 436 1274 οὗ
458 1217 506 1273 νῦν
535 1212 681 1297 μέμνηται
703 1207 718 1274 ὁ
741 1204 898 1298 Εὐριπίδης
921 1216 988 1273 κτλ.
1033 1210 1094 1274 Sed
1117 1212 1270 1273 hactenus
1293 1209 1332 1270 de

200 1331 412 1394 Parmenisco.

748 1554 787 1616 ll.

284 1709 352 1772 lam
374 1729 449 1771 vero
473 1711 519 1772 eis
540 1711 649 1789 nixus,
670 1727 751 1790 quae
771 1709 809 1770 de
831 1709 1051 1790 geographicis
1074 1709 1212 1788 exposui
1227 1709 1335 1770 horno-

202 1831 331 1910 nymiiS‚
368 1830 406 1892 ad
431 1831 577 1891 homines
611 1830 817 1910 cognomines
847 1831 981 1890 transeo.
1034 1825 1103 1889 Hos
1133 1826 1334 1888 Aristarchus

203 1951 297 2010 etiam
321 1949 440 2009 maiore
463 1948 565 2010 studio
596 1967 691 2030 quam
722 1947 791 2008 illas
822 1949 1008 2027 persecutns
1036 1949 1084 2006 est
1113 1965 1218 2028 neque
1248 1948 1335 2028 quis-

203 2086 295 2148 quam
320 2065 388 2145 fun,
421 2068 572 2147 quicum
603 2085 640 2128 eo
673 2067 717 2128 de·
745 2067 795 2127 his
826 2066 1021 2145 disceptaret.
1078 2063 1206 2126 Etenim
1239 2069 1335 2128 totam

206 2187 446 2266 quaestionennr
468 2187 512 2246 ita
530 2187 599 2266 ipse
621 2187 828 2267 pertractavit,
850 2188 885 2246 ut
899 2183 977 2245 nihil
993 2185 1235 2266 relinqueretur,
1250 2185 1334 2266 qnod

202 2306 391 2386 posteriores
413 2305 609 2386 grammatici
632 2304 790 2365 adderent.
837 2303 898 2365 Sed
922 2323 1059 2386 quanam
1080 2305 1201 2365 ratione
1229 2304 1261 2364 in
1286 2303 1335 2364 his

204 2439 283 2483 usus
306 2425 346 2484 sit
368 2425 608 2506 investigemus.

290 2539 431 2603 Primum
460 2544 495 2602 ut
520 2541 762 2622 geographicae,¹
785 2542 830 2602 sic
852 2542 946 2601 etiam
976 2540 1141 2602 hominum
1169 2534 1337 2622 ὁμωνυμίας

204 2661 326 2720 notavit
347 2678 469 2738 omnes
485 2658 518 2720 id
540 2659 624 2740 qnod
647 2678 718 2720 cum
742 2678 783 2720 ex
806 2660 876 2720 aliis
900 2659 1027 2721 scholiis
1043 2660 1208 2742 permultis
1224 2661 1335 2741 eisque

201 2779 423 2857 Aristoniceis,
452 2781 519 2839 tum
536 2749 660 2859 ¹optime
691 2799 733 2840 ex
759 2777 818 2840 hoc
850 2779 992 2860 intellegi
1021 2783 1132 2860 potest,
1155 2777 1181 2839 B
1205 2779 1265 2839 867
1289 2779 1334 2839 A:

200 2889 219 2964 ἡ
243 2888 334 2964 διπλῆ
367 2893 415 2957 ὅτι
436 2889 533 2968 Ἄσιος
564 2885 651 2968 οὗτος
689 2887 845 2981 ὁμώνυμός
872 2897 936 2957 ἐστι
963 2901 1008 2976 τῷ
1036 2888 1171 2978 Ἑκάβης
1199 2889 1332 2981 ἀδελφῷ,

202 3017 377 3098 ἐσημειοῢτο
407 3005 441 3073 δὲ
461 3009 477 3075 ὁ
497 3011 686 3101 Ἀρίσταρχος
707 3011 762 3089 τὰς
784 3011 952 3100 ὁμωνυμίας
975 3011 1045 3102 πρὸς
1069 3011 1110 3078 τὰ
1131 3018 1195 3103 περὶ
1216 3017 1335 3077 Πυλαι-

203 3115 316 3216 μίνους.
361 3133 492 3195 Accedit
513 3133 735 3216 fragmentum,
768 3137 852 3218 quod
885 3139 1044 3199 servatum
1077 3141 1125 3199 est
1152 3139 1184 3198 in
1218 3136 1334 3198 codicis

203 3250 316 3314 Veneti
349 3253 379 3314 A
414 3252 488 3314 folio
534 3257 643 3316 octavo
683 3258 714 3315 et
746 3255 830 3336 quod
865 3265 986 3337 partem
1024 3275 1095 3318 esse
1132 3256 1334 3338 praefationis
1422 3280 1425 3285 ·

202 3372 393 3433 Aristonicei
417 3372 502 3434 illins
526 3373 587 3458 περὶ
610 3373 738 3456 σημείων
758 3373 830 3437 libri
848 3373 985 3437 Cobetus
997 3378 1021 3456 ¹)
1036 3376 1171 3438 coniecit
1188 3377 1222 3436 in
1244 3373 1335 3437 Mne-

274 3628 298 3688 ll
317 3627 401 3680 Doleo
425 3627 496 3694 quod
519 3628 547 3680 in
569 3628 732 3682 bibliotheca
750 3627 994 3696 Gryphiswaldensi
1018 3628 1216 3682 Friedlaenderi
1238 3629 1334 3682 disser-

201 3713 279 3776 tatio,
297 3713 326 3765 in
344 3729 397 3781 qua
414 3714 595 3780 fragmentum
614 3715 666 3768 hoc
683 3716 880 3769 Aristoniceum
899 3732 956 3768 esse
973 3719 1064 3783 negat,
1084 3732 1137 3768 non
1157 3718 1239 3768 extat.
1277 3717 1335 3770 Ita-

202 3815 252 3868 que
275 3799 339 3869 quid
363 3799 420 3868 ipse
444 3799 557 3853 sentiam
577 3801 609 3853 de
626 3801 677 3854 hac
696 3803 851 3869 quaestione
868 3801 975 3855 reticeo.
1012 3803 1083 3856 Utut
1100 3805 1190 3854 autem
1208 3803 1274 3856 haec
1291 3819 1333 3855 res

200 3902 229 3938 se
252 3885 349 3948 habet,
373 3886 425 3940 hoc
448 3885 566 3953 quidem,
595 3887 618 3939 si
640 3904 671 3940 ea
696 3892 861 3956 spectamus,
887 3905 953 3957 quae
976 3905 1008 3942 ex
1030 3889 1081 3942 hoe
1104 3889 1254 3956 fragmento
1273 3905 1334 3941 eum

201 3971 310 4024 scholiis
323 3971 422 4025 Veneti
434 3973 466 4025 A.
477 3973 652 4026 Aristoniceis
672 3977 831 4041 congruunt,
851 3975 1030 4028 certissimum
1048 3975 1117 4028 mihi
1128 3975 1241 4038 videtur,
1258 3991 1334 4043 pror-

200 4073 245 4110 sus
264 4057 358 4111 fictum
377 4075 392 4110 a
411 4060 563 4126 magistello
582 4060 696 4127 quodam
709 4060 858 4127 Byzantino
876 4061 1058 4128 fragmentum
1076 4077 1129 4114 non
1148 4078 1211 4114 esse.
1248 4061 1333 4126 Quam

201 4143 233 4195 ob
251 4159 308 4196 rem
326 4145 349 4196 si
367 4161 420 4197 non
437 4147 526 4214 ipsum
546 4146 729 4199 Aristonicum
748 4147 884 4210 hocloco,
903 4151 975 4200 certe
992 4148 1129 4201 doetrinae
1148 4147 1333 4201 Aristoniceae

199 4229 334 4296 specimen
352 4230 594 4285 luculentissimum
612 4231 815 4300 deprehendisse
833 4233 960 4287 videmur.

272 4314 371 4380 Quodsi
391 4333 453 4370 vero
470 4318 672 4382 Friedlaeuder,
698 4323 828 4387 quantum
851 4336 882 4372 ex
901 4322 939 4373 eis
958 4321 1069 4388 colligo,
1093 4336 1161 4388 quae
1178 4319 1333 4374 Carpathus
