3068 5202
669 423 858 482 „5-

194 608 376 688 inspexisse
406 625 511 688 neque
538 605 667 670 Niosius
697 607 787 688 (Mus.
819 603 919 670 Rhen.
950 606 1084 670 XXXII
1113 629 1142 691 p.
1168 611 1238 690 276)
1272 631 1328 694 pro

193 727 358 808 explorato
387 726 497 807 habet,
530 747 636 809 neque
669 729 747 789 mihi
769 729 942 790 verisImile
968 729 1101 791 videtur.
1145 728 1247 793 Immo
1273 749 1329 813 per

194 843 326 924 Didymi
352 848 610 927 commentarios,
646 865 855 929 quaecunque
877 847 1087 928 Apollodorea
1118 849 1244 931 habuit,
1278 870 1328 913 ao-

193 966 320 1045 oepisse
347 964 487 1044 videtur,
523 965 680 1046 siquidem
710 967 802 1027 certis
834 984 910 1028 mox
939 967 1094 1050 exemplis
1127 968 1263 1050 probabo
1298 973 1329 1031 et

194 1080 370 1162 Didymum
389 1083 570 1165 Apollodori
592 1103 685 1166 opere
708 1103 804 1147 usum
827 1104 898 1148 esse
920 1085 967 1166 (cf.
991 1105 1021 1167 p.
1038 1087 1076 1148 19
1100 1087 1169 1169 sq.),
1192 1091 1222 1148 et
1245 1087 1329 1170 Dpa-

194 1203 375 1286 phroditum
398 1201 528 1283 Didymi
549 1206 791 1266 commentarios
814 1206 1012 1286 excerpsisse
1035 1203 1084 1286 (cs.
1101 1225 1131 1286 p.
1146 1207 1207 1286 25).
1245 1205 1327 1281 Quid

192 1324 289 1405 igitur
320 1321 421 1383 obstat
448 1325 620 1404 quominus
653 1325 747 1385 etiam
774 1323 860 1385 hunc
888 1323 1088 1405 Ephyrarum
1117 1324 1255 1387 indicem
1285 1344 1327 1387 ex

193 1440 325 1520 Didymi
348 1443 581 1503 commentariis
612 1440 862 1524 Epaphroditum
881 1442 1116 1524 deprompsisse
1139 1445 1327 1506 sumamus?

194 1559 325 1622 Accedit
353 1560 446 1622 aliud.
493 1559 670 1642 Componas
701 1580 820 1643 quaeso
846 1581 919 1624 cum
941 1562 1059 1624 scholio
1080 1561 1111 1624 N
1134 1563 1210 1644 301,
1243 1563 1328 1646 quod

193 1679 287 1740 modo
311 1681 480 1762 exscripsi,
502 1679 613 1741 hocin
635 1679 725 1742 Pind.
749 1679 840 1742 Nem.
865 1679 939 1761 Vll,
962 1682 1010 1742 53.
1050 1673 1186 1765 Ἔφυραν
1208 1673 1243 1742 δὲ
1265 1677 1327 1743 εἶπε

190 1801 241 1858 νῦν
273 1791 328 1865 τὴν
360 1799 390 1858 ἐν
416 1795 558 1882 Ἠπείρῳ,
595 1795 630 1867 ἢν
666 1790 794 1884 Κίχυρὸν
830 1821 917 1884 φασιν
947 1791 1182 1884 μετωνομάσθαι
1195 1801 1219 1884 ¹)
1263 1793 1322 1861 ἀπὸ

194 1907 325 2001 Κιχυρου
347 1921 402 1978 τοῦ
425 1916 587 2002 Μερμέρου.
609 1916 754 2003 τέσσαρας
775 1910 810 1979 δὲ
831 1909 984 2004 ἀναγράρει
1007 1913 1063 1991 τὰς
1082 1911 1228 2004 Ἐφύρας.’
1246 1911 1327 2005 apoi-
1377 1917 1379 1922 ’

192 2056 247 2102 ταν
275 2033 329 2117 μὲν
357 2028 413 2103 τὴν
441 2025 528 2106 αὖθις
557 2024 704 2119 Κόρινθον
736 2032 963 2117 ὀνομασθεῖσαν.
1009 2033 1143 2120 Ὅμηρος
1173 2036 1216 2120 [Ζ.
1243 2037 1326 2122 152].

561 2147 654 2215 Ἔστι
675 2145 761 2227 πόλις
778 2145 905 2240 Ἐφύρη.

192 2270 296 2357 ἑτέραν
316 2263 420 2341 δὲτὴν
439 2274 502 2357 περὶ
521 2272 699 2335 Θετταλίαν.
738 2270 871 2358 Ὅμηρος
893 2274 925 2358 [α
947 2273 1030 2357 259]·

402 2381 435 2462 ἐξ
451 2381 585 2475 Ἐφύρης
604 2389 713 2453 ἀνίοντι
734 2389 797 2476 παρ’
818 2384 905 2453 Ἴλου
927 2384 1123 2477 Μερμερίδαο.

190 2507 292 2592 τρίτην
321 2499 356 2568 δὲ
386 2509 449 2593 περὶ
472 2501 571 2586 Ἦλιν,
601 2498 636 2581 ἧς
659 2503 777 2582 Ἱππίας
807 2500 988 2593 μνημονεύει.
1037 2501 1184 2596 τετάρτην
1211 2504 1266 2579 τὴν
1295 2511 1325 2571 ἐν

190 2625 391 2712 ΙΘεσπρωτοῖς.

277 2744 377 2820 Quem
401 2749 496 2829 putas
527 2747 605 2809 haec
637 2747 699 2810 duo
731 2747 850 2809 scholia
879 2766 921 2809 ex
948 2747 1130 2830 Apollodori
1153 2767 1245 2831 opere
1267 2769 1324 2812 ex-

187 2868 357 2949 scripsisse
384 2905 425 2913 -
452 2887 524 2930 nam
557 2864 769 2949 Apollodorus
800 2869 868 2950 ipse
891 2865 1066 2929 Pindarum
1098 2868 1227 2949 quidem
1259 2888 1325 2930 non

188 2988 413 3067 interpretatus
435 2991 483 3049 est
506 3025 565 3068 —,
598 2991 629 3050 et
650 3007 745 3070 quem
767 2991 859 3070 putas
883 2989 965 3050 inter
985 2987 1169 3069 Apollodori
1193 2990 1223 3050 et
1243 2987 1325 3071 Dpa-

188 3105 324 3187 phroditi
346 3109 486 3188 tempora
508 3125 581 3172 eum
601 3106 701 3168 fuisse
723 3109 978 3188 grammaticum,
1001 3109 1054 3189 qui
1077 3109 1146 3190 pari
1168 3106 1272 3169 studio
1294 3110 1325 3168 ct

184 3223 321 3287 Homeri
349 3229 380 3287 et
400 3223 530 3288 Pindari
558 3225 698 3288 carmina
722 3225 929 3307 explicaverit
958 3229 988 3286 et
1010 3245 1106 3307 quem
1128 3226 1234 3308 ipsum
1254 3228 1324 3308 pari
1405 3273 1406 3276 ι

189 3345 294 3407 studio
315 3347 504 3427 posteriores
527 3345 766 3427 discerpserint?
801 3344 959 3428 Equidem
982 3344 1107 3406 nullum
1134 3344 1231 3407 alium
1258 3346 1322 3407 nisi

185 3460 365 3543 Didymum
380 3465 532 3527 invenio.
578 3464 658 3528 Cum
682 3465 736 3528 illo
766 3465 884 3528 scholio
906 3464 1072 3528 Pindarico
1095 3464 1321 3528 conferendum

186 3585 238 3644 est
247 3583 307 3645 hoc
321 3585 356 3644 iu
370 3581 461 3663 Pyth.
473 3583 516 3665 X,
529 3585 584 3647 85:
596 3578 754 3669 Ἔλποριαι
775 3575 806 3644 δ’
831 3582 1013 3669 Ἐφυραίων·
1038 3574 1153 3669 σφόδρα
1174 3575 1319 3663 studia,

186 3701 270 3774 τίνας
293 3707 342 3764 νῦν
369 3697 444 3775 τοὺς
464 3700 644 3788 Ἐφυραίους
671 3703 770 3790 φησίν·
802 3698 817 3765 ὁ
852 3701 904 3788 μὲν
934 3697 990 3790 γὰρ
1020 3701 1217 3789 Ἀγέστρατος
1251 3699 1322 3778 τοὺς

187 3820 362 3906 Κορινθίους
399 3822 496 3907 φησίν·
531 3813 651 3907 Ἐφίνρα
687 3817 743 3908 γὰρ
781 3817 800 3892 r‘.
839 3815 999 3908 Κόρινθος,
1035 3818 1076 3897 ὡς
1107 3826 1157 3886 καὶ
1188 3822 1322 3911 ’Όμηρος

185 3939 222 4024 [ι
247 3939 331 4024 152]·
1234 3940 1235 3943 ‘

257 4215 282 4278 1)
303 4213 409 4278 Quanto
428 4215 518 4268 studio
531 4215 707 4285 Apollodorus
724 4218 773 4270 has
790 4221 981 4285 μετονομασίαι
1000 4219 1155 4285 persecutus
1172 4216 1209 4269 sit
1222 4216 1318 4270 docent
1407 4219 1410 4257 ἰ

180 4318 254 4370 quaa
275 4302 427 4370 composuit
443 4301 551 4356 Niesius
569 4304 587 4357 l.
606 4303 624 4356 l.
642 4319 668 4372 p.
687 4305 801 4359 274112.
