3068 5202
669 405 856 464 -vi-

199 605 218 656 a
240 595 300 655 259
321 594 417 654 trium
438 593 622 654 invenimus
644 590 845 672 Ephyrarnm
866 588 1018 650 indieem:
1051 577 1085 658 ἐξ
1116 574 1251 669 Εφίρης·
1280 574 1334 644 πό-

200 715 278 784 λεως
298 709 505 796 Θεσπρωτίας·
531 702 663 794 Ἒρυραι
682 699 718 768 δὲ
735 717 811 793 τρεῖς
832 712 894 784 εἰσι,
919 703 938 775 ἥ
961 727 996 767 τε
1019 694 1225 789 Θεσπρωτική,
1244 696 1265 768 ί,
1286 705 1335 762 νῦν

199 821 349 916 Κόρινθος
377 831 426 890 καὶ
452 822 471 898 η
494 829 578 914 τρίτη
594 818 732 899 Ἤλιδος.
754 827 793 888 V.
819 831 849 889 et
869 829 904 888 in
924 826 989 888 eod.
1013 824 1056 887 E:
1085 814 1172 895 πόλις
1192 821 1335 906 Θεσπρω-

198 949 272 1021 τίας.
295 939 348 1009 δύο
365 949 410 1030 (re
428 967 503 1010 vera
517 950 590 1027 tres)
606 938 641 1008 δέ
654 951 733 1027 εἰσιν,
752 942 771 1015 ἦ
787 967 822 1007 τε
840 937 1045 1030 Θεσπρωτικὴ,
1068 936 1087 1011 ἡ
1102 946 1150 1003 νῦν
1165 935 1333 1025 καλουμένη

201 1059 355 1154 Κόρινθος,
386 1061 404 1135 ἡ
436 1071 490 1138 τῆς
511 1057 639 1138 Ἤλιδος
666 1067 715 1126 καὶ
742 1059 761 1132 ἡ
788 1059 869 1126 κατὰ
900 1058 955 1132 τὴν
979 1055 1121 1147 Ἤπειρον
1154 1059 1277 1141 (eadem
1298 1077 1334 1123 ae

198 1175 449 1272 dissupatam.
489 1182 552 1245 Hie
573 1183 671 1245 index
693 1184 752 1244 etsi
771 1201 858 1243 nune
880 1173 1207 1263 quidem'adseriptus
1229 1179 1334 1241 estad

201 1305 313 1386 Odyss.
341 1305 451 1383 aaut,
479 1302 640 1365 confectus
669 1311 775 1363 tamen
804 1303 941 1382 primum
972 1303 1020 1362 est
1049 1299 1087 1360 ad
1110 1293 1334 1379 explicandum

200 1443 331 1487 versum
353 1421 388 1483 Il.
416 1421 440 1484 Ο
466 1422 545 1483 531;

734 1529 788 1599 τόν
809 1559 882 1599 τοτε
905 1529 1020 1609 Φυλεὺς

241 1653 355 1745 ἤγαγεν
380 1649 414 1731 ἐξ
433 1647 567 1744 Ἐφύρης
588 1662 727 1743 ποταμοῦ
749 1650 808 1718 οίπο
832 1648 1025 1733 Σελλήεντος,

199 1779 238 1842 ad
269 1797 366 1860 quem
390 1777 483 1840 hodie
513 1777 695 1840 adnotatum
716 1778 750 1838 in
774 1777 841 1838 aad.
865 1775 1061 1838 Victoriana:
1086 1773 1150 1846 Τῆς
1173 1773 1203 1833 ἐν
1219 1764 1334 1851 Ἤλιδι,

198 1887 234 1970 ἧς
256 1898 306 1958 καὶ
329 1897 359 1956 ἐν
381 1889 484 1968 ἄλλοις
506 1886 691 1980 μνημονεύει·

409 2011 429 2084 ἦ
454 2015 504 2076 καὶ
524 2020 564 2086 εἰς
583 2005 717 2100 Ἐφύρην
738 2013 853 2085 ἐθέλεις
873 2013 984 2097 πίειραν
1003 2003 1126 2097 όίρουραν

413 2135 521 2196 ἐλθεῖν.
566 2133 690 2215 (Odyss
716 2135 741 2214 β,
766 2135 846 2213 328).

205 2257 236 2316 et
256 2255 288 2316 in
311 2253 448 2335 scholiis,
471 2273 553 2336 quae
573 2256 695 2316 minora
717 2271 775 2316 seu
790 2251 920 2332 Didymi
936 2255 1101 2314 vorantur:
1124 2253 1178 2321 τῆς
1198 2249 1228 2308 ἐν
1245 2241 1336 2308 Ἤλι-

203 2363 242 2448 δι,
265 2369 282 2440 ἥ
309 2376 357 2433 νῦν
376 2375 514 2433 καλεῖται
528 2362 627 2441 Οἰνόη.

288 2490 367 2566 Quis
392 2491 503 2571 tuerit,
532 2493 587 2574 qui
605 2510 734 2553 versum
761 2493 804 2552 ita
824 2492 1046 2571 interpretatus
1069 2492 1134 2568 est,
1163 2507 1205 2549 ex
1236 2485 1334 2548 Strab.

206 2607 291 2690 VIII,
308 2611 368 2673 339
384 2611 553 2672 discimus:
577 2606 667 2669 Οὕτω
685 2610 755 2694 φησὶ
771 2611 824 2688 (sc.
837 2597 1072 2692 Ἀπολλόδωρος)
1095 2607 1144 2666 καὶ
1160 2575 1339 2690 ΘεσπρωτιᾸ

204 2721 258 2796 ndu
275 2721 411 2813 Ἔφυραν
434 2720 669 2789 διαστέλλεσθαι
688 2731 733 2807 τῷ
755 2748 790 2788 τε
812 2717 944 2796 τηλόθεν
955 2726 977 2806 ²)
1000 2727 1115 2805 καὶτῷ

811 2849 950 2928 ποταμοῦ
972 2839 1030 2906 ἀπὸ
1054 2834 1250 2914 Σελλήεντος.

202 2967 303 3023 ταῦτα
332 2954 360 3023 δ’
395 2961 452 3048 οὐχ
482 2957 626 3048 ὁμολογεῖ
648 2974 710 3036 τοῖς
738 2958 795 3026 ὑπὸ
824 2968 879 3025 τοῦ
901 2960 1035 3047 Σκηψίου
1057 2961 1223 3047 Δημητρίου
1246 2963 1336 3046 λεγο-

203 3081 308 3166 μένοις,
331 3081 394 3169 παρ’
423 3073 457 3145 οὗ
479 3082 639 3168 μεταφέρει
655 3077 696 3143 τὰ
715 3087 851 3145 πλεῖστα.
896 3072 1003 3154 ἐκεῖνος
1023 3076 1079 3166 γὰρ
1100 3073 1134 3142 ού
1158 3101 1245 3166 φησιν
1265 3076 1336 3141 εἶναι

201 3193 375 3271 Σελλήεντα
404 3203 434 3263 ἐν
460 3202 649 3288 Θεσπρωτοῖς
670 3194 823 3287 ποταμόν,
855 3199 919 3262 ἀλλ’
946 3201 976 3262 ἐν
997 3223 1035 3282 τη
1056 3199 1165 3280 Ἠλείᾳ
1184 3192 1264 3283 παρὰ
1281 3193 1337 3267 τὴν

202 3321 264 3383 ἐκεῖ
276 3315 415 3408 Ἔρυραν.
444 3321 625 3385 Demetrius
645 3323 741 3404 igitur
757 3319 918 3402 Scepsius,
941 3339 1036 3402 quem
1052 3318 1134 3402 apud
1151 3316 1336 3380 Strabonem

203 3441 415 3522 Apollodorus
437 3444 620 3525 impugnat,
641 3439 782 3502 Eliaeam
803 3433 963 3522 Ephyram
987 3436 1090 3500 0531
1115 3429 1257 3519 intellegi
1279 3456 1335 3499 vo-

200 3561 267 3624 luit.
311 3561 381 3624 Hae
399 3565 506 3624 antem
528 3561 751 3642 explicatione,
774 3578 837 3642 qua
858 3563 921 3621 tres
945 3557 1029 3641 apud
1051 3561 1175 3640 poetam
1198 3557 1336 3618 inveniri

202 3679 344 3761 Ephyres
376 3680 501 3759 statuit,
529 3680 598 3761 ipse
630 3682 737 3741 centra
766 3677 938 3740 Aristarchi
969 3677 1159 3740 sententiam
1189 3673 1335 3756 disputat,

202 3815 282 3878 quae
297 3816 355 3878 per
368 3795 584 3858 AristonIcum
599 3794 691 3857 nabis
705 3796 817 3858 tradita
832 3795 933 3858 estad
948 3794 1076 3858 eunden
1090 3812 1220 3855 versum
1236 3791 1333 3856 0531

279 4031 304 4097 l)
323 4030 415 4084 Etiam
440 4031 469 4083 in
493 4031 586 4085 lexico.
606 4032 723 4100 Hesyah.
741 4033 816 4085 Alex.
840 4034 922 4085 trium
939 4032 1109 4100 Ephyrarum
1131 4030 1209 4083 index
1233 4029 1278 4082 hie
1295 4032 1337 4082 est

199 4133 220 4169 e.
238 4133 262 4170 v,
276 4112 399 4187 ’Ἐφύρη
418 4115 436 4186 η’
454 4117 502 4170 riv
519 4117 664 4186 Κόρινθος,
684 4126 729 4172 ναὶ
747 4122 861 4186 Κίχυροο
878 4117 1027 4186 καλουμένη
1046 4116 1075 4170 ἐν
1093 4114 1125 4188 τῇ
1141 4115 1271 4183 Ἠπείρῳ,
1291 4123 1336 4168 καὶ

199 4200 217 4270 ἡ
235 4199 327 4270 odaia.
364 4203 416 4258 Sed
434 4205 479 4258 hie
499 4205 612 4258 fortasse
629 4208 741 4274 quartae
758 4208 788 4258 et
805 4205 914 4274 quintae
926 4204 1050 4272 Ephyrae
1069 4204 1169 4258 mantio
1186 4201 1334 4255 intercidit.

271 4289 299 4358 2)
319 4287 360 4343 De
379 4305 443 4343 νοοο
462 4289 578 4358 τηλόθεν
597 4290 686 4344 aonier
704 4307 730 4360 p.
751 4289 785 4344 28
802 4308 827 4344 n.
