3068 5202
630 430 839 489 „25—

164 604 361 668 Zenodotum
384 609 560 673 institutam
584 629 665 691 esse,
688 615 743 694 qui
767 614 992 699 difficultatem,
1016 639 1097 702 quac
1118 623 1152 683 in
1172 622 1296 705 duplice

164 723 367 804 Pylaemenis
389 733 686 794 commemoratione
704 734 763 795 sita
787 739 844 815 est,
871 737 914 798 ita
947 736 1105 821 solvebat,
1136 746 1172 804 ut
1201 743 1297 805 altero

165 844 233 907 loco
255 845 441 930 Κυλαιμένης
463 851 629 929 coniceret,
651 869 691 913 ex
715 851 890 935 fragmento
911 856 964 918 illo
986 863 1128 939 apparet:
1161 865 1298 945 σημειοῦ-

163 986 215 1023 ται
237 954 271 1024 δὲ
291 959 369 1050 ξπρὸς
396 960 448 1026 τόν
479 962 657 1052 αὐτὸνῙίίευ.
687 962 870 1054 Ζηνόδοτον)
898 971 1097 1060 ἀπεριστίκτῳ
1129 969 1219 1059 διπλῇ
1243 973 1298 1052 τάς

164 1075 332 1166 ὁμωνυμίας
354 1075 479 1163 ἁπάσας,
494 1078 548 1148 Ιὅτι
577 1085 610 1148 οὐ
634 1079 753 1162 ινοησας
781 1085 818 1152 τὸ
845 1097 983 1154 τοιοῦτον
1010 1092 1134 1180 ἔγραψεν
1163 1089 1216 1157 ότὲ
1247 1095 1299 1181 μὲν

98 1263 105 1278 ,
163 1201 367 1287 Πυλαιμένεα,
382 1197 435 1264 ὁτὲ
456 1195 491 1264 δὲ
506 1205 707 1289 Πυλαιμένεα.
750 1208 798 1272 Ita
820 1211 917 1292 igitur
937 1211 1138 1276 Aristarchus
1160 1234 1227 1277 rem
1249 1217 1298 1278 in·

126 1341 128 1350 ’
161 1323 272 1402 stituit,
294 1328 331 1384 ut
352 1307 572 1407 quascumque
599 1319 769 1410 ὁμωνυμίας
789 1330 823 1389 in
846 1330 983 1392 editione
998 1335 1171 1413 notaverat,
1194 1335 1228 1394 in
1244 1334 1297 1397 illa

163 1440 201 1503 de
222 1439 415 1520 Pylaemene
437 1445 657 1507 dissertatione
677 1453 883 1509 enumeraret.
932 1448 977 1511 of.
999 1450 1094 1513 schol.
1119 1452 1150 1513 A
1166 1453 1226 1514 320
1251 1454 1294 1515 A:

163 1551 351 1645 Εὐρυβάτης·
387 1559 434 1622 ότι
461 1564 509 1624 καὶ
543 1562 641 1648 ἕτερος
675 1557 825 1644 Εὐβοία-ης,
855 1559 1029 1641 Ὀδυσσέως
1060 1561 1164 1655 κῆρυξ.
1208 1565 1226 1639 η
1257 1563 1296 1632 δὲ

163 1674 325 1764 ἀναφορὰ
340 1674 422 1766 πρὸς
445 1675 490 1741 τά
504 1682 581 1767 περὶ
599 1683 864 1768 Πυλαιμένους.
887 1685 914 1746 Β
931 1687 990 1748 517
1003 1689 1047 1750 A:
1064 1685 1112 1750 ότι
1125 1691 1175 1750 καὶ
1198 1689 1296 1774 ἕτερος

75 1780 77 1784 .
160 1791 289 1884 Σχεδίος
311 1800 374 1861 ἐστὶ
396 1791 529 1878 Φωκεύς,
549 1804 620 1886 ίτῶν
643 1803 689 1864 ἐπὶ
714 1802 801 1889 μέρος
828 1795 958 1888 ἡγεμών,
981 1806 1031 1866 καὶ
1053 1798 1217 1893 ἀμφότεροι
1245 1802 1290 1892 ὑφ’

157 1917 306 2005 Ἕκτορος
328 1917 529 2004 ἀναιροῦνται.
571 1913 658 2003 ἦίδὲ
679 1917 840 2009 ἀναφορὰ
869 1918 953 2008 πρὸς
979 1920 1024 1985 τά
1052 1927 1129 2012 περὶ
1155 1927 1295 1987 Πυλαι-

164 2038 297 2124 μένους.
331 2039 353 2099 Δ
376 2041 437 2101 295
460 2040 505 2102 A:
529 2041 709 2126 Χρομίοντε·
733 2037 781 2103 ότι
799 2042 898 2127 τρίτος
920 2032 1008 2116 οὗτος
1022 2044 1154 2129 Χρομίος
1168 2035 1292 2122 Πόλιος,

165 2153 246 2244 πρὸς
276 2153 321 2219 τά
349 2159 425 2243 περὶ
452 2157 715 2243 Πυλαιμένους.
762 2158 873 2222 0515
894 2161 940 2224 A:
973 2153 1112 2246 Σχεδίον·
1142 2157 1161 2232 η
1192 2156 1292 2242 διπλῆ,

167 2274 214 2339 ότι
236 2267 321 2351 οὗτός
343 2278 407 2338 ἐστι
424 2269 550 2362 Σχεδίος
571 2268 726 2363 ὁμώνυμος
748 2282 793 2359 τῷ
817 2279 847 2339 ἐν
862 2270 1041 2365 καταλόγῳ.
1064 2283 1114 2342 καὶ
1129 2273 1293 2367 ἀμφότεροι

163 2368 208 2480 ἀφ’
231 2394 380 2482 Ἕκτορος
408 2387 576 2481 ἀνῄρηνται·
609 2394 673 2458 ἀλλ’
700 2398 808 2470 ἐκεῖνος
837 2395 891 2482 μὲν
913 2395 1031 2481 Ἰφίτου
1057 2389 1184 2484 πατρός,
1207 2388 1294 2471 οὗτος

165 2505 201 2574 δὲ
222 2507 422 2601 Περιμήδους.
464 2510 484 2585 η
507 2507 546 2577 δὲ
569 2509 730 2601 ἀναφορά
748 2510 833 2602 πρὸς
854 2508 900 2575 τά
920 2517 996 2601 περὶ
1018 2515 1279 2601 Πυλαιμένους,

249 2633 315 2697 Iam
344 2636 519 2718 fragmenta
550 2635 636 2697 illius
667 2635 705 2698 de
735 2635 929 2715 Pylaemene
956 2634 1184 2697 dissertationis
1216 2655 1294 2698 mun

165 2773 247 2836 quae
270 2756 454 2817 etiamnunc
474 2758 593 2834 extent,
613 2756 647 2816 in
671 2755 798 2818 scholiis
821 2754 1143 2835 circumspiciendum
1165 2763 1220 2817 est.
1244 2755 1295 2817 Ad

165 2872 196 2936 N
211 2875 284 2954 643,
300 2874 355 2937 ubi
374 2879 467 2956 poeta
489 2873 694 2955 Pylaemenis
715 2877 912 2937 mentionem
933 2873 1016 2954 facit,
1039 2874 1181 2936 scholion
1199 2875 1296 2936 inter-

164 2995 337 3077 marginale
360 2995 418 3076 hoc
440 2995 569 3076 legitur:
602 2987 673 3078 πρὸς
694 2988 749 3062 τὴν
770 2994 833 3080 περὶ
855 2998 913 3057 τοῦ
935 2990 1142 3077 Πυλαιμένους
1164 2982 1294 3080 ζήτησιν.

165 3113 236 3177 Hoc
257 3131 320 3176 non
345 3113 384 3176 ad
406 3101 528 3194 ζήτημα
550 3113 707 3193 quoddam
729 3113 899 3198 Πυρφυρίου
921 3114 1121 3176 referendum
1135 3132 1217 3193 esse,
1240 3113 1296 3175 sed

162 3234 202 3296 ad
224 3236 319 3296 aliam
341 3233 580 3316 quaestionem,
609 3251 691 3312 quae
713 3233 777 3294 iarn
806 3233 986 3295 Aristonico
1016 3232 1163 3308 innotuit,
1196 3232 1296 3313 ipsius

161 3353 347 3432 Aristarchi,
365 3371 407 3415 ex
423 3371 460 3415 ec
484 3352 603 3414 scholio
618 3351 760 3433 intellegi
777 3355 892 3432 potest,
914 3350 997 3433 qnod
1012 3351 1052 3412 ad
1067 3351 1166 3412 alium
1181 3351 1297 3432 locum,

165 3471 222 3534 ubi
245 3471 456 3552 Pylaemenes
480 3492 499 3534 a
523 3475 616 3552 poeta
638 3470 857 3550 introducitur,
880 3471 1059 3552 appositum
1074 3473 1122 3531 est
1136 3468 1163 3530 B
1179 3471 1296 3533 851A:

165 3590 382 3676 Πυλαιμένεος·
416 3587 465 3651 ὅτι
497 3579 584 3663 οίπός
606 3590 671 3650 ἐστι
701 3587 902 3673 Πυλαιμένης,
934 3588 998 3672 περὶ
1029 3576 1063 3649 οὗ
1096 3589 1204 3649 πολλοὶ
1236 3593 1299 3649 τῶν

166 3707 297 3796 ἀρχαίων
317 3699 488 3785 ἐζητίκασι,
511 3728 552 3772 sc.
569 3709 772 3772 Aristarchus
795 3713 826 3770 et
847 3711 887 3791 ei,
911 3715 1019 3772 contra
1041 3727 1121 3791 quos
1143 3710 1213 3790 ipse
1236 3709 1300 3771 dis-

166 3831 297 3911 putavit.
342 3828 466 3892 Deinde
488 3828 526 3891 de
546 3849 608 3911 quo
629 3847 664 3891 re
691 3818 868 3905 ἐζητόκασι,
901 3832 1030 3912 apparet
1057 3846 1100 3889 ex
1129 3827 1248 3890 scholio
1269 3827 1300 3890 N

168 3948 229 4010 658
250 3949 297 4010 A:
325 3939 460 4022 ζητεῖται
491 3952 555 4020 πῶς
581 3945 721 4033 ἀνωτέρω
751 3947 789 4029 (Ε
816 3947 890 4028 576)
919 3944 1097 4031 ἀνηρημὲνος
1126 3941 1182 4009 ὑπὸ
1206 3947 1300 4010 Μενε-

167 4056 243 4127 λεὶου
276 4061 293 4128 ό
328 4066 518 4151 Πυλαιμένης
548 4060 589 4127 τά
621 4069 669 4126 νῦν
701 4057 826 4127 δόναται
857 4064 1036 4128 ἀκολουθεῖν
1068 4072 1113 4147 τῷ
1140 4058 1223 4129 παιδί
1251 4070 1301 4130 καὶ

167 4183 289 4246 κλαίειν.
311 4188 375 4247 ἔστι
397 4175 432 4246 δὲ
452 4184 549 4268 λέγειν
571 4183 619 4247 ότι
636 4171 689 4246 δύο
710 4183 909 4271 Πυλαιμένεις
926 4179 1142 4271 Παφλαγόνων
1154 4177 1301 4270 ηγεμόνας

169 4303 335 4372 συνίστησιν
356 4297 372 4365 ό
394 4296 527 4382 ποιητός,
551 4298 592 4378 ὡς
608 4305 738 4378 Αἴαντας
759 4296 813 4368 δύο
834 4307 884 4367 καὶ
901 4297 1078 4392 Εὐρυβάτας
1092 4298 1145 4369 δύο
1163 4297 1302 4394 κήρυκας,
