3068 5202
648 453 856 514 ..13-

183 633 254 696 loco
278 635 506 717 Apollodorum
529 635 687 700 adhibuit:
733 628 857 710 Μεταξὺ
884 629 918 698 δὲ
947 643 1002 710 τῆς
1031 643 1087 699 τοῦ
1108 641 1240 708 Πηνειοῦ
1269 641 1319 701 καὶ

185 757 242 814 τοῦ
266 744 455 825 Σελλήεντος
480 754 607 834 ἐκβολῆς
625 746 730 828 Πύλος
750 754 856 836 ᾠκεῖτο
879 749 1017 818 κατὰτὸ
1040 748 1197 835 Σκόλλιον,
1221 756 1278 842 οὐχ
1298 753 1318 827 η

184 870 336 957 Νέστορος
354 873 470 958 πατρίς,
494 870 558 934 ἀλλ’
587 874 673 960 ἑτέρα
694 899 754 952 τις,
776 875 795 956 η
816 870 886 961 πρὸς
908 870 961 936 τὸν
987 869 1123 960 Ἀλφειὸν
1147 870 1232 938 οὐδέν
1254 878 1318 938 ἐστι

184 983 364 1073 κοινώνημα,
388 983 459 1054 οὐδὲ
477 987 548 1078 πρὸς
569 988 621 1055 τὸν
636 985 790 1079 Παρισύν,
809 997 868 1056 ε’ίτε
886 989 1021 1078 Ἅμαθον
1041 988 1097 1080 χρίΙ
1114 999 1222 1058 καλεῖν.
1253 988 1318 1076 βιά-

184 1101 288 1182 ζονται
318 1103 346 1172 δ’
375 1114 443 1173 ἔνιοι
473 1104 702 1197 μνηστευόμενοι
732 1107 788 1182 την
819 1117 874 1174 τοῦ
905 1112 1055 1199 Νέστορος
1077 1105 1168 1187 δόξαν
1190 1116 1239 1175 καὶ
1263 1109 1318 1182 την

185 1227 343 1312 εὐγένειαν·
367 1235 455 1315 τριῶν
475 1225 531 1316 γὰρ
547 1222 662 1292 Πύλων
680 1231 893 1317 ἱστορουμένων
909 1232 938 1292 έν
954 1223 1176 1310 Πελοποννήσῳ
1194 1225 1319 1314 (καθότι

183 1349 234 1409 καὶ
259 1342 295 1410 τὸ
328 1351 397 1422 ἔπος
426 1352 539 1435 εἴρηται
567 1351 660 1427 τουτί,

247 1470 311 1528 ἔστι
332 1458 437 1540 Πύλος
462 1463 517 1553 πρὸ
540 1460 673 1530 Πύλοιο·
701 1460 806 1541 Πύλος
831 1467 868 1552 γὲ
897 1468 949 1553 μέν
976 1470 1040 1531 έστι
1069 1471 1119 1531 καὶ
1148 1465 1259 1548 ἄλλος),

183 1577 293 1647 τούτου
311 1608 346 1648 τε
369 1588 420 1648 καὶ
442 1591 497 1648 τοῦ
513 1586 716 1673 Λεπρεατικοῦ
738 1592 793 1648 τοῦ
815 1589 846 1647 έν
865 1592 903 1668 τῇ
920 1587 1066 1674 Τριφυλία
1088 1590 1137 1649 καὶ
1157 1592 1196 1668 τῇ
1217 1577 1317 1648 Πισοί-

183 1695 253 1780 τιδι,
276 1704 377 1790 τρίτου
400 1694 435 1763 δὲ
456 1708 512 1764 τοῦ
540 1703 748 1792 Μεσσηνιακοῢ
774 1708 829 1765 τοῦ
857 1697 937 1764 κατὰ
967 1695 1163 1789 Κορυφάσιον,
1195 1701 1319 1764 ἕκαστοι

182 1815 236 1881 τὸν
266 1811 346 1906 παρά
379 1841 474 1905 σρισιν
512 1811 691 1905 ἠμαθόεντα
721 1825 879 1905 πειρῶνται
911 1812 1056 1882 δεικνύναι
1089 1822 1138 1881 καὶ
1170 1815 1225 1890 τὴν
1261 1826 1317 1882 τοῦ

183 1939 334 2025 Νέστορος
362 1931 491 2025 πατρίδα
520 1945 629 2001 τοῦτον
661 1937 879 2024 ἀποφαίνουσιν,
906 1946 933 2000 οἰ
963 1938 1016 2022 μέν
1043 1932 1093 2000 οὖν
1120 1940 1228 2001 πολλοὶ
1254 1944 1317 2000 τῶν

183 2058 333 2144 νεωτέρων
354 2060 403 2120 καὶ
425 2058 597 2144 συγγρρέων
612 2059 661 2119 καὶ
679 2061 812 2127 ποιητῶν
828 2049 992 2126 Μεσσηνιύν
1008 2079 1080 2143 φασι
1094 2051 1148 2119 τὸν
1166 2056 1315 2143 Νέστορα,

185 2181 230 2256 τῷ
253 2169 409 2261 σωζομένῳ
432 2179 517 2262 μεχρὶ
539 2183 578 2250 εἰς
600 2171 709 2250 αὐτοὺς
723 2175 958 2262 προστιθέμενοι.
982 2183 1008 2237 οῖ
1023 2167 1316 2262 δὲὈρ.-ηρικωτεροι,

185 2304 246 2366 τοῖς
273 2297 369 2357 ἔπεσιν
394 2293 624 2373 ἀκολοίλοῢντες,
654 2299 763 2357 τοῦτον
792 2291 862 2356 εἶναί
896 2317 968 2380 ρασι
996 2289 1049 2356 τὸν
1082 2299 1136 2356 τοῦ
1169 2294 1319 2380 Νέστορος

183 2404 296 2492 Πύλον,
321 2403 355 2474 οὖ
378 2408 434 2481 την
455 2405 557 2498 χώραν
577 2404 713 2486 διέξεισιν
734 2408 750 2475 ὁ
769 2405 913 2499 Ἀλφειός.
939 2405 1058 2486 διέξεισι
1087 2405 1121 2474 δὲ
1142 2408 1197 2481 την
1218 2414 1317 2475 Πισᾶ-

181 2556 227 2592 τιν
249 2533 300 2593 καὶ
323 2531 493 2617 Τριφυλίαν.
521 2538 547 2594 οὶ
575 2523 609 2592 δὲ
640 2525 689 2593 οὖν
718 2533 753 2592 έκ
781 2537 835 2604 τῆς
863 2532 974 2604 Κοίλης
993 2523 1122 2604 Ἤλιδος
1152 2534 1201 2593 καὶ
1231 2529 1316 2594 αὐτοὶ

181 2650 265 2730 (libri
287 2642 441 2733 τοιαύτην)
469 2650 639 2736 φιλοτιμίαν
667 2651 883 2736 προσετίθεσαν
909 2655 954 2730 τῷ
982 2647 1046 2735 παρ’
1082 2648 1182 2723 αὐτοῖς
1207 2643 1314 2730 Πύλῳ,

181 2771 231 2830 καὶ
259 2769 452 2855 γνωρίσματα
484 2761 648 2843 δεικνύντες
672 2769 797 2855 Γέρηνον
824 2762 918 2832 τύπον
945 2772 994 2831 καὶ
1020 2768 1153 2854 Γέροντα
1178 2763 1316 2854 ποταμὸν

182 2887 234 2947 καὶ
272 2879 366 2947 ἄλλον
401 2878 554 2973 Γεροίνιον,
588 2884 638 2949 εἶτ’
683 2881 741 2950 ἀπὸ
781 2879 898 2950 τούτων
929 2887 1079 2961 έπιδέτως
1109 2877 1245 2974 Γερήνιον
1277 2892 1317 2950 εἰ·

182 3009 292 3090 ρῆσθαι
320 2997 509 3090 πιστούμενοι
534 3001 587 3069 τὸν
620 3006 766 3094 Νέστορα.
809 3012 901 3069 τοῦτο
933 2999 967 3068 δὲ
993 3002 1087 3070 ταύτὸ
1111 3008 1161 3068 καὶ
1184 3012 1210 3068 οί
1232 3004 1315 3069 Μεσ-

182 3114 274 3192 σήνιοι
306 3114 493 3202 πεποιήκασι,
527 3126 576 3186 καὶ
610 3116 809 3211 πιθανῶτεροί
837 3148 873 3209 γε
908 3127 1076 3211 ραίνονται;
1110 3129 1226 3209 μᾶλλον
1257 3119 1314 3212 γὰρ

180 3233 314 3328 γνώριμά
351 3265 438 3327 φασιν
478 3240 548 3304 εἶναι
587 3237 627 3304 τὰ
662 3241 725 3328 παρ’
769 3245 887 3316 ἐκείνοις
916 3243 1045 3330 Γέρηνα,
1091 3242 1315 3327 συνοικουμένηνΙ

181 3357 257 3421 ποτὲ
280 3353 322 3422 εὖ.
355 3361 514 3442 Didymus
530 3381 605 3425 vero
627 3381 730 3424 uuum
752 3365 814 3422 τῶν
836 3360 995 3448 νεωτέρων,
1012 3361 1196 3442 Pindarum,
1217 3364 1315 3424 inter-

182 3485 323 3560 pretatus
344 3499 475 3563 prorsus
496 3473 823 3566 τοῖςῸμηρικωτέροις
846 3481 1057 3562 adstipulatus
1080 3485 1136 3542 est.
1160 3480 1196 3542 es.
1216 3480 1312 3542 schol.

179 3596 270 3660 Piud.
299 3597 391 3680 Pyth.
421 3598 483 3680 Vl,
510 3600 566 3661 35:
598 3597 764 3660 Μεσσανίου
794 3590 829 3659 δὲ
859 3597 1014 3685 γέροντος·
1048 3592 1134 3660 καὶὸ
1165 3589 1314 3684 Πίνδαρος

185 3710 236 3777 τὸν
257 3716 396 3802 Νέστορα
419 3716 453 3776 έκ
478 3719 533 3788 τῆς
556 3715 763 3788 Μεσσηνιακῆς
784 3707 891 3778 Πύλου
919 3719 1005 3801 φησὶν
1031 3707 1110 3779 εἷναιῖ
1139 3719 1228 3802 τριῶν
1255 3710 1313 3801 γὰρ

183 3826 277 3896 ὄντων
291 3838 354 3896 τῶν
369 3823 399 3894 έν
414 3822 636 3911 Πελοποννήσῳ
651 3823 767 3893 Πύλων
786 3827 826 3905 εἷς
840 3831 894 3917 μέν
905 3833 984 3894 ἐστιν
998 3827 1014 3894 ὁ
1030 3833 1094 3918 περὶ
1107 3827 1161 3895 τὸν
1172 3828 1309 3919 Ἀλφειὸν

180 3948 319 4037 παταμὸν
353 3954 383 4014 ἐν
407 3943 514 4013 Ἤλιδι
545 3940 664 4030 Πύλος,
698 3948 730 4012 ὃν
756 3974 775 4011 κ

178 4093 277 4156 φασιν.
309 4070 407 4157 ἕτερος
429 4062 463 4132 δὲ
485 4064 684 4156 Τριφυλιακὸς
706 4061 818 4149 Πύλος,
843 4071 917 4150 ένῴ
945 4062 1139 4156 ὁἈμαθοέις
1159 4063 1310 4155 ποταμός·

178 4191 277 4276 τρίτος
298 4191 328 4250 ίν
348 4180 488 4270 Μεσσήνη
511 4191 575 4274 περὶ
593 4182 630 4251 τὸ
654 4179 849 4275 Κορυφάσιον.
872 4192 925 4250 ε’ίσι
947 4181 982 4249 δὲ
1002 4191 1032 4251 οί
1052 4210 1125 4274 ροισι
1145 4185 1215 4263 τοὺς
1236 4199 1312 4275 τρεῖς

176 4299 301 4382 Πύλους
328 4303 386 4371 ὑπὸ
414 4303 467 4371 τὸν
492 4307 596 4378 Νηλέα
628 4304 708 4370 εἶναι.
752 4308 840 4370 Δοκεῖ
870 4300 905 4370 δὲ
934 4313 979 4389 τῶ
1015 4300 1157 4393 Διδύμῳ
1192 4310 1226 4370 έκ
1258 4313 1314 4382 τῆς
